2876 4992
225 275 300 352 1-28
660 293 727 350 mx
763 291 887 348 senes

224 449 295 502 tum
324 435 468 499 alienum
496 431 711 518 expoliaverit
732 441 765 494 et
796 431 999 495 ratriearerit
1011 430 1108 494 CXX.
1124 433 1195 496 den.
1211 437 1262 519 qui
1275 441 1314 500 fa-

223 522 257 585 ei
275 520 376 582 inerit
400 517 610 602 adprobatum
638 519 652 590 (
673 535 763 580 utin.
796 515 890 577 ciunt
906 513 1046 582 sotlll.
1064 516 1149 600 culp.
1167 518 1230 578 iud.

223 595 762 672 leciimmuroolsuntdin.ICCCC

222 685 349 748 faeiunt
372 683 429 745 sol.
451 682 574 747 XXXV.
591 679 762 768 culpabilis

222 767 397 832 indicetur.

264 933 299 994 si
314 931 387 1014 quis
402 930 484 991 letne
502 938 558 990 eut
572 948 681 991 servus
699 927 760 988 ho-
988 885 1128 964 LVIII·

220 1017 342 1079 minem
353 1013 530 1094 ingenuum
544 1012 706 1074 occideret
715 1012 763 1093 ip·
834 1015 867 1077 Si
881 1017 953 1100 quis
972 1037 1084 1078 servus
1104 1017 1262 1078 hominem
1275 1017 1317 1079 in.

223 1121 257 1162 ⁸³
279 1096 440 1157 h⁰mi⁰id³
465 1115 524 1177 ΡΓΟ
557 1093 762 1154 medietatem
795 1119 936 1182 genuum
956 1099 1121 1160 oecisserit
1141 1101 1208 1182 ipso
1230 1101 1321 1161 horni-

221 1176 460 1261 oompositionis
477 1175 617 1238 hominis
639 1175 761 1238 hoceisi
794 1182 865 1248 eide
879 1203 944 1264 pro
954 1181 1126 1242 medietate
1145 1185 1318 1263 parentibus

217 1261 403 1347 Parenffl)us
420 1260 585 1330 tradatur,
611 1258 761 1320 dominus
793 1265 937 1326 tradetur
959 1274 990 1326 et
1009 1264 1070 1324 alia
1088 1264 1256 1332 medietate
1268 1267 1318 1328 do·

127 1375 129 1382 ,
219 1365 299 1408 vero
321 1342 404 1405 servi
422 1341 484 1402 alia
502 1342 709 1404 medietatem
727 1361 768 1405 se.
793 1347 899 1408 minus
919 1345 1013 1407 servi.

219 1434 356 1488 noveret
367 1446 434 1486 ese
446 1424 637 1486 solveturns.
835 1431 869 1490 Si
892 1429 1036 1490 noluerit
1061 1429 1245 1492 servitutem
1272 1439 1321 1492 aut

261 1507 384 1590 siquis
403 1527 514 1576 vasum
534 1505 761 1569 administeri-
792 1511 818 1573 ei
841 1511 1041 1574 intellexerit
1065 1511 1105 1572 de
1138 1513 1208 1595 lege
1233 1513 1258 1575 si
1283 1515 1319 1574 ob

219 1611 275 1652 um
291 1589 380 1672 quod
399 1597 445 1649 est
470 1587 625 1672 Str-ogau,
650 1590 760 1672 puella
791 1595 922 1655 mellens
945 1601 1050 1678 potest
1076 1601 1113 1654 nt
1141 1595 1208 1680 ipsa
1233 1597 1318 1657 leode

217 1674 259 1734 ed
277 1671 489 1732 ministerium
507 1685 562 1731 ant
577 1671 668 1732 fabro
691 1673 760 1732 fer·
792 1698 858 1737 non
880 1677 991 1739 solvet.

216 1755 313 1833 rorte,
330 1755 380 1814 vel
393 1753 530 1814 aurelice
541 1763 595 1813 eut
608 1755 757 1838 porcario
998 1791 1091 1864 LIX

214 1836 370 1900 furaverit
383 1844 437 1894 aut
453 1836 623 1913 occideret,
643 1836 696 1898 eui
710 1837 759 1896 fu·
1095 1845 1104 1862 ⁰

215 1921 278 1982 erit
291 1919 501 2000 adprobatum
516 1924 625 1992 (monn.
641 1931 759 1998 texaga
834 1922 1052 2006 Siquishomo
1062 1921 1223 2004 ingennus
1235 1923 1317 1984 litem

214 2014 270 2063 aut
291 2001 476 2071 ambitania)
492 2023 517 2060 s.
537 2000 604 2063 din.
621 2001 756 2063 icccc
790 2007 935 2068 alienum
964 2005 1182 2087 expoliaverit
1213 2013 1318 2080 (nter.
1406 2001 1407 2054 ]

213 2084 339 2144 faciunt
352 2083 409 2146 sol.
430 2084 560 2147 XXXV.
580 2084 668 2168 culp.
685 2083 751 2144 iud.
787 2088 979 2162 letnsmodi)
1005 2097 1081 2148 sunt
1101 2087 1317 2152 dendCCCC.
1406 2152 1407 2158 χ

213 2165 300 2226 intro
321 2165 444 2225 fretum
461 2173 492 2224 et
510 2165 651 2242 faidum,
678 2173 754 2232 sunt
787 2171 845 2252 qui
859 2171 918 2232 sac.
934 2168 993 2234 sol.
1008 2169 1151 2234 XXXV,
1166 2169 1317 2254 eulpiud.
1406 2212 1407 2218 .

212 2249 272 2311 sol.
292 2245 395 2311 XLV.
419 2255 496 2310 sunt
519 2248 577 2314 eol.
597 2245 732 2311 LXXV.

210 2399 747 2494 XXXV.Dequedrupedibus
783 2401 868 2474 LX.
917 2399 976 2470 De
1007 2399 1315 2496 quadrupedibus3

258 2503 289 2572 ei
316 2502 503 2572 hominem
523 2499 699 2574 occiserit.
818 2503 849 2570 si
869 2501 1056 2571 hominem
1082 2504 1282 2572 occiserint

249 2664 286 2726 Si
316 2665 389 2749 quis
407 2664 505 2725 homo
532 2683 573 2726 ex
603 2661 750 2745 quolibet
822 2662 856 2723 Si
882 2663 956 2746 quis
985 2663 1083 2725 homo
1109 2687 1153 2726 ex
1177 2661 1316 2747 quolibet

209 2749 442 2833 quatropedem
464 2746 673 2810 domesticum
691 2768 749 2807 oc·
781 2767 879 2828 pecus
912 2746 1037 2809 occisus
1066 2750 1170 2808 suerit
1198 2757 1231 2808 et
1257 2745 1315 2805 hoe

208 2836 293 2894 ciens
311 2831 423 2906 fuerit,¹
445 2839 477 2890 et
501 2830 632 2891 testibus
649 2828 750 2888 suerit
781 2837 930 2911 parentes
953 2830 1042 2891 illius
1070 2830 1239 2915 potuerint
1268 2827 1316 2885 ed-

207 2913 427 2996 adprobatum,
443 2913 646 2972 medietatem
666 2931 750 2972 eom·
781 2911 931 2992 probare*
955 2933 1028 2972 enm
1054 2914 1212 2988 testibus,
1244 2910 1316 2970 dum

208 2995 378 3080 positionis
393 2993 541 3055 dominus
555 2994 654 3076 ipsius
666 3013 749 3073 qun·
780 2993 836 3054 ille
850 2994 998 3056 dominus
1011 2996 1146 3076 peeoris
1162 3004 1255 3054 antea
1269 2991 1315 3051 le-

207 3077 374 3162 tropedem
410 3085 572 3141 auctorem
602 3074 747 3142 ¹criminis
782 3097 853 3158 gem
878 3097 944 3136 non
976 3078 1229 3159 adimpleverit,
1257 3093 1317 3133 me-

206 3183 266 3245 pro
281 3160 486 3219 medietatem
506 3157 747 3241 compositionis
782 3160 899 3219 dietate
926 3159 966 3219 de
992 3160 1060 3242 ipsa
1081 3160 1179 3220 leodo
1204 3177 1317 3238 conpo-

205 3239 623 3322 restituetreqnerentibus.
780 3249 886 3300 natet
906 3262 963 3324 pro
984 3242 1042 3303 illa
1063 3242 1125 3302 elia
1148 3242 1315 3302 medietate

640 3319 643 3325 ’
779 3321 849 3406 ipso
860 3323 1027 3407 quadrupe
1043 3325 1158 3389 donet.
1181 3323 1216 3384 Si
1233 3320 1314 3383 enim

779 3406 928 3467 dominns
962 3406 1164 3468 intellexerit
1191 3426 1250 3488 per
1274 3403 1316 3461 le·

779 3509 851 3570 gem
875 3509 907 3549 se
933 3487 1108 3550 defendere
1135 3497 1261 3571 potest,
1281 3491 1317 3543 nt
1404 3479 1405 3540 l

687 3595 690 3602 ⁴
779 3570 862 3632 nihil
887 3592 946 3654 pro
970 3571 1039 3655 ipso
1061 3591 1181 3656 pecore
1207 3570 1315 3632 solvet.

230 3723 418 3802 XXXVI.
449 3724 507 3796 De
527 3723 717 3818 vestigium
802 3722 904 3793 LXI.
954 3724 1014 3794 De
1037 3723 1193 3824 vestigio
1217 3719 1293 3792 rni-

319 3853 327 3860 ·
383 3824 570 3900 minando.
981 3823 1112 3900 nendo.

243 3994 278 4058 Si
299 3993 372 4078 quis
386 3993 502 4054 bovem
516 3997 571 4052 ant
585 3989 743 4052 cavallum
818 3984 852 4046 si
869 3984 940 4068 quis
954 3983 1067 4047 bovem
1088 3989 1142 4043 ant
1153 3978 1315 4042 caballum

201 4077 256 4141 vel
278 4075 442 4162 quaelihet
459 4071 608 4136 animalia
623 4073 663 4134 ed
678 4075 745 4133 fur·
776 4065 828 4131 vel
855 4068 1033 4151 quemlibet
1060 4078 1155 4149 pecus
1179 4065 1215 4124 in
1250 4065 1315 4123 fur·

200 4169 270 4222 tum
279 4158 468 4244 perdiderit,
485 4166 516 4218 et
526 4155 744 4240 eumdumper
776 4161 846 4211 tum
863 4151 1042 4235 perdiderit
1056 4160 1088 4210 et
1108 4167 1183 4210 eum
1203 4147 1244 4207 de
1262 4165 1319 4207 νοτ

201 4243 374 4328 vestigium
397 4249 600 4325 sequentur,
643 4237 745 4302 fuerit
778 4232 871 4319 stigio
880 4235 1028 4318 seqnitur
1043 4238 1237 4295 consecutus
1248 4229 1314 4288 ine*
