2900 5020
220 222 291 294 392
481 191 646 296 emerint
670 235 888 292 Tussonssmct
911 238 1016 296 necis

221 403 271 444 21.
291 379 330 441 St
337 381 483 446 ancillam
495 373 758 440 alienamautori·
862 376 971 438 bamam
1000 391 1147 465 tanquam
1172 382 1333 466 defenso-

302 465 457 542 ginariam
477 470 663 540 congregata
676 456 757 518 mul·
862 479 926 518 rem
947 475 1001 522 aut
1028 464 1275 545 suffragatorem
1294 467 1333 525 in

301 546 434 608 titudine
457 546 569 626 rapiat,
868 541 971 604 alieno
986 557 1070 606 stare
1089 552 1223 627 negotio.

220 649 269 693 22.
290 627 339 689 De
353 627 540 690 conductore
564 621 687 686 conscio
703 634 757 683 aut
779 622 832 698 45.
851 621 980 686 Nullum
1001 626 1114 688 debere
1137 633 1259 692 alienae
1278 632 1332 690 rei

300 713 490 770 connivente.
861 725 917 764 nec
937 729 1010 768 suae
1031 711 1138 772 titulos
1150 733 1299 795 ponere..

220 794 270 856 25.
290 793 401 852 Deliis
426 791 481 874 qui
492 787 632 850 intestati
642 786 757 848 mortui
779 785 829 864 46.
851 785 889 845 Si
915 792 983 868 oreis
1018 791 1113 852 inea
1144 815 1196 869 re,
1227 813 1332 875 quam
1431 839 1432 848 ,

291 872 428 954 fuerint,
857 869 1021 949 possidet,
1060 891 1250 951 conventus,
1291 888 1331 934 ut

219 957 269 1032 24.
292 955 427 1098 guanilo
440 955 531 1016 debet
538 950 643 1033 fiscus
655 971 757 1030 agere.
861 949 1045 1016 adversario
1081 979 1137 1018 suo
1174 961 1329 1034 resistat,

218 1041 268 1104 25.
323 1057 546 1119 uumquemque
594 1053 757 1114 possesso·
862 1034 970 1094 titulos
987 1041 1139 1117 posuerit,

298 1141 364 1181 rem
376 1120 462 1204 apud
475 1116 608 1178 iudicem
611 1112 694 1199 fisci
701 1135 755 1176 no·
778 1115 830 1195 47.
851 1113 889 1172 Si
914 1117 984 1196 quis
1003 1140 1149 1201 possessa
1175 1121 1214 1184 ab
1247 1121 1330 1182 aliis

300 1203 381 1262 mine
397 1197 596 1284 pulsandum.
860 1196 995 1278 praedia
1019 1202 1119 1262 titulis
1145 1224 1328 1288 occupave-

216 1284 267 1349 26.
286 1282 335 1342 De
366 1283 519 1344 intestatis
545 1277 687 1356 clericis,
726 1288 757 1338 ct
862 1280 914 1343 rit.

299 1364 453 1444 religiosis
475 1362 630 1446 personis.
778 1358 829 1437 48.
849 1357 995 1422 Libertos
1036 1366 1229 1444 originarios
1267 1378 1327 1428 aut

219 1469 268 1531 27.
291 1445 426 1506 Curiolis
449 1447 477 1506 si
496 1446 561 1502 sine
581 1459 756 1503 successore
859 1462 965 1502 servos
1011 1460 1121 1508 contre
1166 1463 1326 1531 patronos

299 1530 462 1590 intestatus
480 1523 643 1606 dejecerit.
861 1545 953 1600 suos,
984 1550 1152 1611 eorumque
1184 1533 1324 1607 liberos,

217 1609 267 1676 28.
287 1609 336 1670 De
359 1609 435 1672 data
459 1605 596 1671 testandi
619 1604 756 1668 licentia.
864 1625 928 1664 non
952 1610 1068 1671 audiri.
1123 1658 1127 1668 ,

217 1713 267 1776 29.
289 1689 326 1750 Si
340 1687 756 1766 testatorautlitterasigno·
777 1689 828 1770 49.
848 1685 921 1747 Hoc
937 1693 1028 1750 etiam
1047 1704 1078 1751 et
1090 1689 1130 1751 de
1140 1690 1324 1774 familiari·
1349 1699 1354 1704 “

298 1786 365 1850 ret,
398 1787 537 1836 autnon
560 1769 662 1854 possit
679 1769 755 1830 sub·
861 1769 1167 1837 busobservaudum.

302 1858 449 1921 scribere.
778 1851 829 1917 50.
851 1851 899 1910 Dc
916 1853 1248 1942 occidtiss‘secretisque
1261 1856 1323 1918 de-

215 1939 267 2005 50.
287 1937 336 1998 De
354 1937 510 2019 falsariis.
864 1933 1042 1998 lotionibus.

216 2023 268 2084 δι.
294 2017 334 2080 Ut
348 2022 539 2080 voluntatem
552 2010 755 2094 suamsacerc
779 2013 828 2080 51.
849 2015 897 2074 Dc
915 2013 1135 2098 donationibus
1155 2021 1323 2086 celebran-

299 2103 414 2162 volenti
430 2103 533 2162 nullus
548 2093 755 2158 contradicat.
863 2095 912 2155 dis
930 2100 1166 2183 mancipiorum.

218 2185 269 2251 52.
292 2183 339 2244 De
354 2185 401 2242 liis
412 2184 466 2268 qui
476 2181 515 2244 ab
529 2183 675 2241 intestato
684 2196 759 2260 pos·
781 2179 831 2244 52.
852 2178 891 2237 Si
904 2184 972 2263 quis
987 2179 1153 2264 praedium
1165 2187 1320 2247 rusticum

299 2278 371 2328 sunt
388 2263 562 2326 succedere.
862 2274 915 2321 ant
930 2263 1081 2323 urbanum
1098 2265 1269 2331 donaverit.

219 2349 271 2414 55.
295 2349 344 2408 De
374 2347 540 2422 Barbarie,
569 2342 624 2428 qui
645 2339 757 2403 volue-
780 2341 830 2407 65.
852 2341 901 2399 De
919 2343 1088 2428 traditione
1099 2346 1260 2430 facienda.

302 2431 366 2490 rint
380 2432 446 2490 iure
462 2427 577 2488 testari.
781 2422 831 2501 54.
861 2423 1066 2486 Matrimonia
1104 2433 1234 2513 passim'
1258 2451 1324 2492 uon

219 2513 271 2590 54.
292 2513 340 2572 De
354 2510 552 2590 subreptione
562 2504 694 2568 Romani
705 2514 759 2564 ant
863 2505 976 2570 debere
1000 2508 1168 2594 aisse'pmi,
1197 2505 1231 2572 ut
1253 2515 1323 2595 qsal-

304 2595 447 2658 Barbari.
864 2588 996 2651 buslibet
1029 2592 1210 2654 criminibus
1240 2615 1324 2678 pro-

221 2676 271 2740 55.
295 2678 343 2737 De
359 2672 561 2736 delatoribus.
864 2671 945 2732 batis
971 2696 990 2731 a
1018 2677 1234 2738 coniunctione
1271 2697 1323 2735 re·

220 2760 272 2824 56.
292 2759 413 2838 Siquis
436 2755 480 2816 ad
496 2750 619 2836 nuptias
636 2765 699 2806 non
710 2745 757 2805 le·
864 2751 987 2820 cedam,

302 2843 427 2918 gitimas
448 2830 665 2919 adspiraverit.
783 2831 832 2898 55.
856 2833 969 2894 Omnes
991 2837 1218 2918 appellationes
1233 2837 1324 2898 iudi·

220 2925 272 3006 57.
293 2926 385 2982 Intra
398 2940 512 2980 annum
532 2913 642 2975 mortis
652 2911 760 2970 mariti
865 2936 930 2975 cem
949 2917 1063 2978 debere
1082 2923 1249 3004 suscipere.

305 3005 333 3061 si
350 3003 462 3062 mulier
476 2997 626 3080 nupserit.
782 2995 831 3063 56.
853 2997 901 3057 Dc
914 3001 1057 3061 abactore
1073 3003 1254 3062 animalium
1273 3000 1324 3061 di·

221 3087 272 3148 58.
295 3085 343 3143 Dc
360 3084 501 3144 adultero
516 3093 545 3138 ct
564 3073 717 3139 adultera.
864 3101 1031 3146 versorum.
1112 3148 1117 3158 ,

222 3170 273 3250 59.
297 3167 360 3245 Qui
382 3179 416 3226 ut
438 3163 626 3242 adulterium
635 3155 757 3238 fieret,
782 3159 835 3242 57.
851 3163 990 3224 Abactor
1007 3165 1036 3222 si
1058 3185 1152 3246 usque
1166 3164 1212 3225 ad
1224 3187 1322 3226 unum

305 3247 431 3307 domum
446 3241 646 3325 praestiterit.
677 3259 680 3264 ·
864 3265 993 3324 equum,
1018 3243 1095 3304 duas
1111 3265 1224 3328 equas,
1248 3251 1322 3308 toti.

222 3330 273 3406 4ο.
297 3331 358 3409 Qui
376 3327 497 3408 falsum
517 3323 655 3405 fecerit,
704 3329 758 3379 aul
863 3323 994 3408 demque
1022 3327 1128 3404 boves,
1148 3329 1323 3389 decemco-

307 3433 378 3469 usus
387 3408 500 3488 suerit.
860 3428 955 3487 pras,
978 3421 1008 3468 et
1029 3410 1164 3491 quinque
1180 3431 1308 3494 porcos.

221 3495 272 3571 4ῐ.
296 3493 358 3574 Qui
361 3485 624 3573 falsumnesciens
639 3483 756 3564 allega·
781 3487 831 3553 58,
855 3489 916 3569 Qui
940 3490 1069 3562 bouem,
1103 3513 1232 3570 equum,
1267 3494 1325 3552 uel

305 3577 397 3634 uerit.
860 3569 951 3630 aliud
976 3593 1071 3654 pecus
1098 3594 1207 3634 errans
1228 3576 1324 3634 iuve-

223 3661 273 3736 42.
297 3658 359 3738 Qui
371 3655 492 3714 orarium
514 3646 686 3730 velsalsum
700 3662 758 3708 tes·
863 3654 953 3715 uerit.
1183 3715 1187 3724 ,

306 3739 467 3796 timonium
485 3732 616 3793 dixerit.
782 3733 832 3816 59,
857 3735 919 3816 Qui
963 3737 1128 3814 ingenuam
1165 3738 1324 3816 virginem

222 3825 273 3900 45.
295 3821 422 3880 Nullum
448 3815 560 3876 debere
583 3811 627 3871 ad
644 3825 758 3894 poten-
860 3819 994 3898 pervim
1012 3820 1197 3900 corruperit.
1430 3845 1431 3882 s

306 3919 365 3961 tem
400 3901 570 3959 Romanam
602 3907 654 3953 aul
683 3897 758 3953 Bar·
781 3899 830 3959 60.
852 3898 988 3979 Si'quis
1015 3899 1130 3958 viduae
1160 3901 1328 3964 uiolenter
1430 3911 1431 3970 l

298 3987 412 4046 'barram
429 4001 500 4040 suas
510 3979 645 4037 actiones
658 3989 758 4035 trans·
862 3992 1006 4064 stuprum
1028 3982 1177 4041 intulerit.
1430 4001 1431 4044 t

296 4065 398 4146 serre.
780 4061 830 4121 61.
853 4061 890 4120 Si
923 4076 1067 4124 matrona
1093 4063 1193 4122 vidua
1221 4067 1328 4125 cnius—
1430 4053 1431 4100 l

221 4153 271 4229 44,
293 4148 418 4210 Nullum
439 4145 607 4203 Romanum
621 4141 758 4200 autBar·
860 4143 936 4204 libet
951 4144 1082 4205 libidine
1093 4161 1327 4228 corrumpatur.
