2826 4998
199 227 248 303 62
506 240 611 308 iocis
634 239 783 295 silicis.
803 241 876 310 sis„
898 241 994 308 xcvi.

822 384 913 463 cio.
924 385 1065 461 XLIV.
1114 385 1171 458 De
1187 387 1307 484 Hom}

857 485 959 555 cidiis
989 509 1010 553 e
1046 487 1296 560 contubernio

200 455 292 533 iio.
316 405 446 530 XLV.¹
495 450 555 521 De
588 446 792 518 homicidiis

288 582 309 627 a
328 552 567 627 contubernio
584 547 699 618 fectis.
1012 582 1127 655 factis·

239 720 267 784 I.
309 718 344 780 Si
367 715 440 799 quis
460 711 598 774 collecto
619 708 793 772 contuber.
862 707 889 772 1,
932 709 967 771 Si
988 712 1061 795 quis
1082 714 1221 776 collecto
1241 735 1308 776 con·

199 805 275 882 nio,
312 801 477 862 hominem
513 795 715 876 Ingenuum,
757 793 792 852 in
822 791 972 854 iuhernio
1018 794 1185 858 homiuem
1226 797 1307 880 inge-

199 889 295 950 domo
314 906 370 946 sua
393 877 586 953 adsallierit,
617 885 650 938 et
673 873 794 934 ibidem
823 897 925 934 nuum
945 875 978 936 in
1008 877 1103 939 domo
1131 901 1189 942 cua
1216 879 1308 942 adsal-

199 992 274 1033 eum
303 962 479 1039 occiderit,
519 963 628 1035 (sisso.
662 957 792 1016 Chames
822 957 929 1036 fierit,
952 968 983 1019 et
998 959 1118 1022 ibidem
1140 983 1215 1022 eum
1227 962 1309 1024 occi*

201 1055 302 1124 lolia)
328 1044 496 1108 XXllllM.
512 1042 585 1106 den.
599 1039 655 1121 qui
669 1040 794 1100 faciunt
823 1039 907 1102 derit
933 1039 1056 1104 XXIV.
1089 1044 1166 1105 den.
1188 1045 1245 1127 qui
1268 1044 1308 1105 fa·

200 1135 259 1200 sol.
280 1133 347 1193 DC.
365 1124 534 1210 culpabilis
553 1123 725 1184 iudicetur.
823 1121 915 1184 ciunt
934 1124 992 1190 sol.
1006 1123 1075 1187 DC.
1092 1126 1179 1212 culp.
1196 1127 1260 1188 iud,

238 1216 284 1280 ll.
326 1212 361 1272 Si
378 1209 500 1272 veroin
516 1214 617 1270 truste
632 1203 793 1266 dominice
832 1243 834 1249 ·
864 1204 908 1271 ll.
950 1207 985 1267 Si
1003 1229 1082 1271 vero
1096 1209 1129 1269 in
1144 1219 1244 1271 truste
1258 1209 1307 1274 do·

198 1300 255 1360 ille
281 1295 344 1378 qui
367 1292 490 1355 occisus
519 1297 568 1349 est
595 1288 701 1347 fuerat
721 1294 791 1363 x),
821 1287 941 1350 minica
958 1288 1037 1364 ille,
1059 1291 1116 1371 qui
1130 1291 1252 1358 occisus
1265 1302 1306 1352 est

197 1377 368 1444 LXXlIM.
392 1376 465 1436 den.
493 1371 549 1454 qui
582 1370 706 1430 faciunt
733 1369 791 1434 sol.
820 1369 946 1448 fueret,
967 1371 1090 1434 LXXll.
1108 1374 1183 1435 den.
1200 1373 1306 1456 quisa-

197 1465 241 1528 M.
268 1459 391 1523 DCCC.
417 1452 586 1540 culpabilis
619 1451 791 1514 iudicetur.
821 1453 914 1514 ciunt
931 1453 989 1515 sol.
1009 1455 1148 1518 lDCCG.
1173 1455 1306 1540 culpabi.
1383 1481 1384 1484 =

818 1535 859 1596 lis
879 1535 946 1598 iud.

221 1626 301 1694 ¹111.
345 1620 479 1702 Quodsi
491 1616 715 1702 coi·pusoccisi
729 1615 791 1677 ho·
861 1619 918 1683 Ill.
960 1620 1057 1696 Quod
1077 1620 1104 1682 si
1120 1643 1236 1704 corpus
1254 1642 1304 1684 ορ.

196 1710 313 1786 minis,
343 1714 408 1767 tres
438 1703 545 1786 plagiis
575 1699 626 1762 vel
655 1699 790 1782 amplius
820 1700 877 1762 cisi
890 1701 1030 1762 hominis
1052 1711 1116 1765 tres
1133 1706 1239 1788 plagas
1256 1705 1304 1767 vel

196 1791 368 1864 habuerit,
390 1797 455 1848 tres
478 1783 534 1866 qui
558 1783 788 1863 inculpaniur,
820 1783 956 1865 emplius
975 1783 1148 1866 hahuerit,
1173 1786 1302 1869 tresqui

197 1887 231 1939 ct
249 1873 338 1958 quod
358 1872 392 1930 in
416 1890 454 1930 eo
476 1865 689 1927 contubernio
715 1864 790 1925 fue·
818 1865 1044 1948 inculpentur,
1077 1876 1109 1928 et
1120 1912 1132 1941 ,
1163 1869 1250 1951 quod
1272 1869 1302 1928 in

195 1959 263 2020 rint
288 1953 485 2040 probantur,
514 1949 617 2029 legem
642 1947 788 2028 superius
819 1969 857 2009 co
893 1949 1107 2012 contubernio
1143 1952 1303 2029 fuissent,
1382 1991 1384 2004 .

196 2038 460 2122 comprehensam
470 2030 660 2113 singillatim
674 2051 788 2112 cogan·
818 2030 1071 2110 convincuntur,
1094 2033 1200 2116 legem
1219 2053 1303 2128 supe.

195 2134 250 2184 tur
271 2121 454 2182 exsolvere:
477 2113 532 2172 alii
557 2133 634 2174 vero
653 2121 719 2172 tres
748 2112 787 2172 de
817 2112 884 2172 rius
910 2113 1174 2194 comprehensam
1204 2131 1324 2197 singu.·
1383 2125 1384 2132 ¹

196 2205 311 2268 eodem
337 2195 610 2272 contubernioy)
633 2193 786 2260 lllMDC.
817 2194 906 2254 latim
944 2207 1098 2277 cogantur
1145 2197 1312 2262 exolvere„
1383 2195 1384 2214 i

148 2275 152 2296 ¹
196 2289 306 2348 denar.
341 2282 398 2366 qui
434 2278 559 2340 faciunt
593 2276 684 2342 solid.
720 2275 786 2337 XC.
815 2263 1299 2350 Xliivcrotrcsdceodemcon.
1383 2293 1384 2366 ᾧ

195 2366 421 2452 unusquisqoe
468 2379 579 2422 eorum
617 2358 786 2442 culpabilis
816 2358 1300 2443 tuberniollIDC.den.quifa·
1383 2409 1384 2416 ,

195 2451 377 2512 iudicetur:
401 2454 433 2507 et
451 2453 514 2504 tres
539 2439 642 2502 adhuc
669 2443 703 2501 in
724 2451 785 2502 tcr·
817 2442 907 2504 ciunt
928 2441 985 2503 sol.
1001 2444 1067 2505 XC.
1085 2445 1301 2524 unusquisque

194 2536 240 2596 tio
254 2534 327 2593 loco
345 2530 383 2590 de
396 2528 509 2589 eodem
522 2523 785 2598 contubernioz),
806 2525 946 2586 ,illorum
968 2527 1053 2607 culp.
1074 2526 1139 2588 iud.
1181 2527 1224 2587 Et
1243 2533 1301 2585 tres

194 2616 351 2680 MDCCC.
374 2612 484 2672 denar.
509 2607 565 2689 qui
587 2606 712 2667 faciunt
728 2609 785 2673 sol.
817 2606 921 2668 adhuc
940 2606 972 2666 in
994 2607 1090 2672 terlio
1105 2610 1179 2670 loco
1197 2609 1235 2668 de
1254 2628 1300 2667 eo-

132 2753 135 2767 .
193 2700 288 2761 XLV.
305 2692 426 2777 singuli
444 2711 555 2753 eorum
567 2698 787 2770 coganturex·
817 2692 889 2751 dem
920 2690 1131 2751 contubernio
1167 2689 1301 2753 IDCCC.

193 2781 328 2843 solvere.
371 2776 406 2837 Si
442 2793 519 2836 vero
544 2773 704 2832 Romanus
732 2774 786 2833 vel
817 2773 890 2833 den.
904 2771 1034 2854 quisae.
1050 2773 1108 2834 sol.
1127 2771 1230 2835 XLV.
1244 2771 1301 2832 sin·

194 2864 295 2925 Lidus
319 2861 354 2920 in
376 2857 433 2918 tali
452 2853 668 2916 contubernio
698 2852 786 2914 occi·
817 2854 885 2937 guli
912 2875 1023 2916 corum
1046 2855 1301 2940 cogenturexol·
1382 2857 1383 2876 ³

194 2967 247 3006 sus
276 2943 397 3019 fuerit,
417 2938 516 3000 huius
547 2934 786 3020 compositionis
815 2957 902 3000 vere.

194 3025 349 3088 medietas
372 3022 524 3083 solvatur.
1000 3083 1002 3088 Ι

236 3107 293 3174 lv.
308 3107 315 3115 '
335 3105 370 3165 Si
384 3103 457 3186 quis
471 3099 685 3162 contubernio
700 3099 785 3161 facto
857 3097 913 3162 lV.
955 3099 1073 3162 sivero
1082 3102 1298 3165 Romanusvel

193 3187 422 3261 villes'iilienas
441 3207 515 3246 cum
534 3181 785 3264 tribuseffregef
814 3181 898 3244 lidus
932 3182 966 3242 in
1002 3182 1060 3243 tali
1091 3186 1300 3248 contubernio

192 3275 383 3351 rit,(iisiii.a
400 3263 784 3346 lotfaltlzeoJHIMCXX.
815 3264 939 3327 occisus
961 3265 1078 3343 luerit,
1100 3267 1198 3330 huius
1222 3291 1299 3330 com-

194 3357 269 3416 den.
281 3352 337 3432 qui
353 3350 478 3411 faciunt
493 3348 551 3413 sol.
571 3347 784 3412 LXXXVllI.
813 3347 982 3432 positionis
993 3349 1146 3412 medietas
1153 3352 1299 3415 solvatur.

194 3434 364 3520 culpabilis
380 3430 551 3492 iudicetur.

193 3588 446 3675 TimXLVI.
498 3587 554 3654 De
581 3585 783 3656 homicidiis
814 3585 902 3654 ΤΙΤ.
915 3583 1033 3656 XLV.
1088 3588 1298 3659 Dehoinioi-

309 3693 347 3759 in
372 3686 540 3760 convivio
560 3685 673 3754 sectis.
838 3683 906 3754 diis
923 3687 960 3753 in
981 3689 1148 3761 convivio
1165 3687 1275 3758 factis.
1304 3687 1307 3696 ⁴
1381 3695 1382 3734 ³

233 3863 261 3922 Ι.
303 3856 337 3917 Si
367 3855 399 3914 in
430 3848 598 3924 convivio,
621 3848 676 3909 ubi
709 3870 784 3931 qua·
855 3848 880 3910 l.
922 3848 1299 3934 Siinconvivioubiqua.

191 3953 265 4004 tuor
287 3937 507 4020 autquinque
534 3932 657 3992 fuerint
677 3930 886 3992 homi-'tuor
920 3942 975 3994 aut
1007 3934 1152 4019 quinque
1183 3933 1299 3996 fuerint

201 4079 521 4102 ,.,,,.........-..-

261 4134 294 4189 s)
312 4126 345 4178 ln
365 4141 444 4189 inarg.
471 4121 603 4189 quicum
630 4117 762 4171 occidisse
786 4120 928 4188 prodatur.
1006 4123 1044 4195 y)
1064 4127 1096 4177 ln
1121 4141 1201 4193 marg,
1225 4139 1296 4176 ιω.

193 4199 294 4252 druche
312 4197 424 4249 leonici.
461 4198 492 4256 z)
511 4189 543 4243 ln
561 4200 641 4257 niar'g.
659 4204 737 4243 uino.
757 4207 802 4242 seo
817 4191 942 4244 lastdsia.
1176 4206 1180 4220 ·
