2826 4998
166 321 206 378 ur
615 322 822 379 rasarone.
919 311 923 320 '

151 448 241 585 'uanis
260 493 384 579 recapit
399 490 700 574 Fr'aue.Pitheeur,
722 517 784 580 epe
805 501 879 560 ecte
900 495 1057 560 Codicum
1077 496 1272 574 emendavit,
1309 503 1311 508 '
1340 583 1344 589 ⁵

164 607 303 694 suasque
330 608 464 674 schedas
493 612 583 675 Frid.
598 611 852 696 ¹Lindenbressgie
882 613 1091 698 publicandas
1120 612 1272 693 tradidit,

141 728 257 814 'euius
284 725 393 810 itaque
426 727 525 790 editio
554 727 584 807 t)
617 729 757 813 ancipite
787 729 918 792 nemine
946 731 1041 793 mede
1074 730 1272 809 Pitbeeana,

100 925 103 932 Ι
162 836 267 906 mede*
289 841 572 928 Lindenbregiaua
599 853 743 907 vocatur.
789 845 892 906 Paule
917 852 990 929 pest
1015 843 1272 927 Lindeubregius

163 959 306 1022 eundem
326 959 423 1042 Legis
447 959 570 1022 Saliene
593 959 729 1038 librum,
758 961 869 1043 paucis
893 961 1040 1040 mutatis,
1073 959 1107 1021 in
1126 983 1184 1022 sue
1206 961 1272 1022 Ce-

163 1075 235 1136 diee
257 1074 366 1158 legum
388 1075 593 1158 antiquarum
610 1075 635 1155 l)
661 1075 809 1159 repetiit,
839 1075 1034 1158 eodemque,
1063 1083 1099 1136 ut
1121 1073 1269 1153 ridetur,

162 1187 324 1251 Melchier
352 1190 531 1275 ,Gotdastos
563 1211 641 1266 usus
673 1199 742 1268 est,
787 1190 848 1250 nisi
877 1190 966 1272 qued
998 1210 1087 1252 mure
1119 1193 1178 1251 'sue
1211 1189 1270 1250 lic·

161 1312 227 1365 tam
257 1303 683 1389 inscriptienam‘adieeerit
710 1303 790 1384 m),
810 1305 961 1388 prologos
986 1311 1091 1364 autem
1118 1302 1270 1369 emiserit.
1322 1341 1324 1346 ·

161 1418 289 1482 Deinde
312 1439 373 1480 nee
394 1419 476 1482 alius
500 1428 550 1506 est
572 1428 698 1498 textus,
726 1439 824 1501 quem
846 1417 943 1480 habet
962 1417 1124 1484 Theoder.
1145 1417 1269 1501 'Riguu-

161 1531 237 1596 uius
258 1537 309 1614 n),
336 1554 439 1598 uerae
464 1544 571 1598 autem
594 1534 727 1602 Hieron.
749 1509 901 1622 Bignenii
924 1542 1018 1596 uotae
1044 1541 1268 1614 accesserunt,

159 1877 212 1935 hus
238 1878 312 1951 prius
331 1879 418 1942 editi,
446 1887 474 1932 et
496 1887 659 1950 postremum
676 1895 692 1930 a
710 1877 807 1930 Curele
824 1876 862 1929 Μ.
882 1874 1030 1938 emendati,
1049 1880 1077 1927 et
1095 1873 1183 1936 aucti,
1201 1872 1268 1930 item

156 1971 230 2040 loges
260 1971 497 2040 Burgundionum,
529 1973 756 2032 Alemanuernm,
787 1971 946 2032 Saxonum,
979 1968 1197 2031 baiuvariorum,
1223 1968 1269 2019 Ri-

155 2067 338 2141 puarierum,
371 2083 407 2122 ex
429 2063 566 2120 veteribus
591 2062 668 2119 libris
698 2060 894 2118 emendatiores
919 2067 948 2116 et
969 2060 1111 2115 auctiores.
1162 2060 1268 2114 Parisiis

156 2161 231 2233 apud
249 2165 378 2216 loannem
403 2159 441 2214 du
460 2161 531 2225 l’uys
548 2143 728 2215 Mhtxxut.
751 2159 789 2212 rb

225 2264 253 2335 lt)
290 2263 370 2330 Liber
387 2261 464 2329 Legis
482 2262 598 2315 Salinae.
635 2259 801 2315 Glossarium
828 2258 884 2315 sire
909 2257 1098 2328 interpretatio
1122 2276 1212 2312 rerum
1238 2267 1267 2314 et
1323 2281 1326 2288 ·

157 2354 300 2411 verberum
326 2353 511 2410 obscuriorum
527 2369 599 2424 quae
616 2353 645 2404 in
664 2353 780 2418 ealege
799 2349 942 2402 habentur.
979 2351 1019 2432 lix
1036 2351 1206 2406 bibliotheca
1223 2353 1264 2408 Fr.

152 2449 278 2514 Pitheci,
305 2450 351 2507 tc.
376 2448 481 2505 Parisiis
509 2449 582 2524 apud
616 2447 748 2505 Iacobum
775 2447 862 2513 neat,
891 2447 921 2504 in
951 2454 1042 2504 moute
1066 2447 1129 2505 Divi
1154 2445 1261 2504 Hilarii.

156 2546 273 2604 MDCII.
292 2549 318 2602 a
340 2541 351 2557 ”

224 2649 256 2718 d)
290 2647 385 2702 Codex
409 2648 508 2732 Legum
532 2647 706 2718 antiquarum
727 2645 756 2698 in
781 2664 836 2717 que
860 2645 1035 2699 continentur
1057 2644 1130 2710 leges
1152 2642 1269 2708 Wisige⁴

155 2745 283 2809 thorum,
315 2744 436 2800 edictum
461 2743 640 2807 Theoderici,
669 2743 716 2795 lex
733 2741 972 2808 Burgundionum,
1000 2739 1095 2792 Codex
1113 2737 1179 2802 legis
1197 2735 1268 2791 Sali-

154 2857 215 2901 cae,
234 2840 280 2893 lex
297 2839 524 2900 Alamannorum,
542 2837 590 2888 lex
615 2832 832 2897 baiuvariorum,
859 2833 1000 2886 decretum
1026 2830 1192 2884 Tharsilenis
1217 2828 1268 2880 du-

155 2935 212 2997 cis,
244 2937 300 2987 Lex
319 2933 526 3004 ilipuarierum,
562 2932 618 2984 Lex
646 2932 804 2994 Saxonum,
841 2928 997 2994 Angliorum
1024 2934 1052 2980 et
1075 2923 1265 2986 Werinerum,

153 3029 316 3091 Frisiorum,
342 3025 589 3093 Langobardorum,
618 3032 671 3081 etc.
710 3052 740 3067 ···
778 3039 832 3080 una
857 3039 920 3078 curu
943 3017 1087 3079 Glossarin
1142 3013 1265 3075 Fr'aucnl.

66 3153 68 3156 ·
154 3124 311 3182 Mncxtu.
331 3122 377 3178 sel.

221 3226 259 3297 m)
295 3225 458 3289 Faronrurrdi
484 3223 562 3296 primi
586 3195 754 3277 Francorum
771 3221 848 3290 Regis
868 3221 941 3287 leges
969 3219 1075 3272 Saliene
1094 3216 1123 3268 iu
1148 3213 1265 3268 comitile

153 3323 293 3393 quendam
319 3320 504 3375 Salizonsibus
527 3339 576 3392 per
603 3321 720 3372 Francos
744 3326 772 3371 et
788 3329 889 3370 'eorum
912 3330 1037 3385 proceret
1060 3312 1202 3370 decretae,
1238 3319 1266 3361 ct

152 3433 202 3488 por
219 3420 316 3484 Regem
341 3425 437 3488 postea
459 3434 521 3470 eum
544 3415 640 3470 iisdem
664 3413 774 3467 Francis
800 3422 827 3466 et
854 3421 912 3465 tete
940 3420 1020 3465 coetu
1042 3405 1140 3480 pepuli
1170 3403 1266 3460 confir-

152 3517 244 3564 matae
268 3517 296 3564 et
322 3509 454 3573 sancitae,
489 3526 560 3560 anne
586 3506 696 3559 Domini
722 3499 912 3560 ccccxxw.
940 3501 1096 3574 (cellectio
1117 3500 1263 3564 ,Constitue

153 3603 289 3673 Imperial.
315 3601 437 3656 Francol.
457 3601 611 3654 MDCXlll.
630 3599 707 3669 leh),
809 3630 810 3633 =

223 3705 256 3775 n)
288 3706 414 3758 Marcelli
430 3705 557 3758 monachi
576 3704 746 3772 aliorumque
769 3707 908 3753 auctorum
929 3696 1060 3750 termulae
1083 3702 1189 3748 veteres
1208 3692 1266 3745 edi-

151 3806 198 3853 tae
221 3799 256 3851 ab
276 3798 458 3851 illustrissime
478 3797 535 3869 vire
557 3796 721 3862 Hieronymo
742 3793 855 3859 bignen,
872 3792 1018 3844 Advocato·
1030 3786 1113 3854 regie,
1137 3803 1200 3839 eum
1216 3803 1266 3836 ne-

151 3894 187 3945 tis
211 3891 268 3943 eius
285 3889 452 3944 auctioribus
474 3898 501 3942 et
526 3883 764 3942 emendatioribus.
813 3885 937 3938 Accessit
959 3882 1029 3934 liber
1054 3880 1121 3946 legis
1149 3879 1261 3945 salicae,

149 3985 216 4040 elim
238 3984 329 4040 editus
349 3982 528 4036 uelocissimo
551 3981 609 4034 rire
626 3978 772 4032 Francisee
791 3977 906 4032 Pithone
930 3991 1005 4028 nune
1025 3991 1088 4028 vere
1108 3975 1179 4026 netis
1195 3974 1266 4027 eius-

151 4079 214 4132 dem
233 4075 408 4132 illustrissimi
429 4075 551 4142 Bigneuii
567 4074 727 4127 illustratus.
764 4073 852 4142 Opera
871 4078 898 4122 et
915 4061 1008 4121 studio
1024 4068 1187 4122 Theoderici
1207 4068 1267 4133 ttiu-

150 4171 239 4236 uenii,
264 4169 371 4226 cernitis
393 4166 597 4234 condemnari,
623 4173 651 4222 et
673 4164 832 4252 libellorum
855 4159 1010 4235 supplicum
1030 4158 1156 4230 magistri.
1212 4161 1262 4216 Pa-

146 4267 221 4327 risiis
241 4265 399 4326 mechir.
419 4262 445 4335 4.
