2900 5020
209 324 286 402 386
532 341 637 400 uncus
656 338 831 398 saxonum
860 337 932 392 rur.
950 334 998 422 rr.

545 484 636 556 Tur.
660 481 727 554 lv.
776 479 839 552 De
861 478 980 549 t'urtis.

294 649 319 714 1.
360 646 427 726 Qui
456 643 614 708 caballum
636 640 811 718 iuraverit,
835 637 937 723 eapite
964 635 1127 720 puniatur.

294 730 337 797 ll.
368 728 445 818 ⁴Qui
465 726 640 789 alvearium
669 747 764 809 apum
785 723 871 784 iufra
895 730 984 804 septa
1013 721 1045 800 b)
1073 717 1205 782 alterius
1235 721 1326 782 sura·

211 813 314 892 verit,
341 814 444 896 capite
465 809 627 893 puniatur.
1340 813 1341 818 ¹

295 895 359 961 ltl.
400 897 499 956 Extra
525 901 612 975 septa
635 892 798 962 furatum,
833 881 944 946 novies
972 881 1231 968 componendum
1262 891 1323 950 est.

296 975 355 1043 lV.
374 989 376 994 ’
397 974 463 1054 Qui
490 983 587 1035 noctu
604 973 732 1034 domurn
748 967 880 1030 alterius
898 963 1052 1027 effodiens
1070 966 1124 1028 vel
1145 964 1323 1048 effringens

213 1059 404 1136 intraverit,
440 1065 473 1118 et
490 1056 627 1118 duorum
647 1054 824 1118 solidorum
841 1048 983 1132 pretinm
1005 1047 1192 1124 abstulerit,
1215 1049 1323 1130 capite

212 1143 376 1230 puniatur.
415 1137 483 1219 Qui
504 1137 537 1197 in
559 1157 692 1202 screonu
715 1142 749 1211 o)
776 1131 902 1216 aliquid
924 1130 1102 1210 furaverit,
1137 1128 1242 1214 capite
1262 1152 1325 1214 pu·

243 1248 253 1286 1
311 1245 338 1289 r.

216 1247 239 1288 n
256 1235 364 1370 atuVl.
404 1301 469 1382 Qui
492 1299 606 1362 bovem
633 1297 854 1382 quadrimum,
882 1293 940 1378 qui
968 1294 1048 1357 duos
1075 1293 1194 1356 solidos
1213 1294 1323 1370 salet,

222 1397 317 1453 nocte
339 1387 427 1447 furto
447 1382 629 1459 abstulerit,
657 1381 760 1462 cupite
784 1377 947 1462 puniatur.

301 1469 377 1535 Vll.
417 1467 484 1546 Qui
504 1465 537 1526 iu
565 1485 601 1526 re
629 1464 869 1545 qualicunque,
898 1459 950 1521 rel
982 1458 1128 1521 interdiu
1151 1458 1203 1520 vel
1224 1468 1325 1521 noctu
1425 1497 1426 1502 κ

218 1553 318 1617 trium
344 1547 521 1613 solidorum
536 1545 674 1629 pretium
697 1547 784 1616 furto
809 1541 996 1616 abstulerit,
1026 1542 1128 1623 capite
1159 1542 1325 1623 puniatur.

303 1631 396 1699 Vlll.
436 1628 601 1712 Quicquid
625 1627 677 1690 vel
708 1647 775 1688 uno
796 1625 930 1687 denario
958 1623 993 1703 d)
1020 1625 1128 1685 minus
1152 1625 1253 1685 tribus
1274 1647 1324 1685 so-

213 1706 314 1792 didis,
345 1712 500 1798 quislibet
528 1713 616 1772 furto
652 1708 837 1784 abstulerit,
870 1705 980 1768 novies
1009 1715 1196 1788 componat,
1235 1707 1326 1787 quod

221 1796 367 1862 abstulitt
401 1803 435 1856 et
456 1793 647 1878 profundo,
676 1792 703 1853 si
729 1790 846 1852 nobilis
870 1788 970 1850 fuerit
994 1786 1164 1850 duodecim
1185 1789 1326 1869 solidos,

216 1882 262 1960 <si
286 1880 370 1942 liber
386 1897 460 1956 sex,
495 1875 523 1939 si
544 1875 621 1944 litus
643 1879 678 1948 e)
697 1880 855 1959 quatuor,
884 1881 918 1934 ct
939 1869 1086 1934 conscius
1104 1869 1279 1944 similiter.¹

478 2057 569 2130 T1r.
594 2053 642 2130 V.
689 2055 749 2128 De
769 2053 807 2130 ui
827 2063 864 2144 et
883 2051 1069 2126 incendiis.

307 2221 333 2286 I.
374 2201 439 2301 Qui
464 2214 589 2280 bomini
618 2215 653 2277 in
673 2213 785 2293 hoste,
813 2211 866 2276 vel
890 2213 930 2275 de
959 2209 1070 2290 boote,
1109 2215 1150 2275 ud
1172 2213 1328 2298 palatium

225 2307 291 2386 (vel
318 2305 358 2366 de
387 2301 506 2386 palatio
519 2299 563 2387 f)
583 2298 751 2386 pergenti,
772 2297 891 2358 malum
909 2294 1191 2378 aliquodfeeerit,
1212 2298 1246 2360 in
1272 2298 1330 2359 tri·

225 2391 283 2475 plo
306 2393 484 2468 componat.

258 2518 261 2524 .
308 2471 351 2533 ΙΙ.
392 2465 458 2545 Qui
482 2464 610 2532 domum
633 2459 783 2539 ulterius,
804 2459 858 2524 rel
880 2471 998 2541 noctu,
1021 2461 1076 2527 rel
1089 2460 1245 2540 interdiu,
1267 2482 1330 2524 suo

226 2561 351 2616 tentum
376 2547 531 2623 consilio,
552 2545 665 2609 rolens
692 2543 895 2625 incenderit,
924 2546 1028 2628 capite
1051 2546 1203 2628 puniatur
1224 2553 1269 2624 g).

311 2632 371 2698 111.
411 2630 478 2709 Qui
501 2628 594 2690 alteri
624 2625 733 2688 dolose
762 2646 821 2710 per
848 2639 1082 2690 sucrumenturn
1109 2649 1157 2689 res
1180 2625 1327 2709 proprius

228 2716 344 2781 tollere
364 2712 450 2790 vult,
472 2711 596 2774 duabus
611 2718 668 2771 aut
682 2708 784 2770 tribus
810 2708 850 2770 de
878 2711 989 2772 eudem
1008 2710 1176 2793 provincia
1200 2707 1328 2770 idoneis

231 2799 363 2864 testibus
373 2795 542 2872 vincatur,
563 2800 595 2856 et
620 2791 648 2854 ei
672 2792 783 2875 plures
812 2790 955 2871 fuerint,
985 2792 1102 2855 melios
1123 2799 1179 2858 est.

521 2951 610 3023 Tlr.
634 2950 699 3026 VI.
750 2952 811 3024 Do
833 2953 1017 3048 coniugiis.

314 3122 343 3184 I.
383 3119 522 3178 Uxorem
540 3114 713 3193 ducturus,
737 3111 829 3180 CCC.
842 3112 961 3177 solidos
980 3114 1034 3177 det
1051 3112 1330 3200 perentibnseius.

313 3199 357 3264 ll.
398 3201 433 3260 si
456 3208 562 3260 nutem
584 3199 654 3259 sine
680 3196 847 3259 voluntate
868 3206 1055 3280 parentum,
1082 3199 1194 3282 puella
1224 3208 1329 3264 tumen

231 3280 474 3358 consentiente,
515 3280 611 3341 ducta
640 3278 761 3359 fuerit,
799 3278 847 3342 bis
874 3277 967 3344 CCC.
994 3279 1114 3342 solidos
1143 3281 1331 3366 parentibus

230 3360 299 3424 eius
319 3371 498 3446 componat.

312 3443 374 3511 lll.
417 3445 451 3504 Si
477 3463 554 3508 vero
584 3464 644 3505 neo
670 3450 836 3526 putentes,
859 3461 919 3503 nee
940 3443 1049 3526 puella
1080 3453 1331 3522 consenserunt,
1366 3453 1368 3458 ’

230 3525 265 3613 id
286 3537 352 3604 est,
381 3526 408 3589 si
428 3528 460 3588 ri
485 3525 524 3610 d)
550 3535 636 3608 rapta
662 3533 729 3605 est,
761 3523 947 3607 perentibus
976 3525 1046 3586 eius
1076 3528 1165 3592 CCC.
1193 3523 1331 3606 solidos,

193 3659 196 3666 .
229 3609 359 3722 Pnullae
381 3609 501 3674 CCXL.
521 3617 707 3691 componat,
736 3627 871 3690 eamque
898 3605 1084 3693 parentibus
1104 3610 1261 3676 restituat.

249 3781 657 3800 m

300 3870 329 3942 b)
346 3871 441 3940 Spang.
465 3886 536 3939 sepe.
556 3868 632 3922 Liud.
650 3883 746 3937 sepem.
815 3870 842 3940 c)
861 3869 938 3923 nint.
965 3871 1041 3942 rifi-a
1065 3887 1217 3926 sor-conam.
1288 3869 1308 3922 d
1316 3869 1334 3935 )

230 3937 309 3992 lind.
327 3942 356 3992 in
375 3956 429 3992 uno
448 3938 572 3992 denario.
641 3939 668 4008 e)
687 3940 783 4007 Spang.
802 3941 833 3991 Ss'
848 3941 920 3994 liber
939 3942 1005 4002 VL,
1026 3940 1058 3992 de
1076 3943 1129 3994 hac
1147 3960 1176 3996 ra
1194 3939 1271 4013 quod
1287 3959 1334 3994 su-

225 4012 320 4078 perius
338 4009 438 4064 dictum
457 4022 495 4064 cst
513 4008 546 4062 de
560 4008 658 4075 furtu,
684 4008 734 4078 qui
750 4007 828 4074 infra
847 4014 967 4078 patriam
976 4011 1139 4081 furaverit,
1158 4009 1229 4063 unde
1247 4013 1335 4063 mori-

228 4081 364 4134 redebet.
387 4079 500 4150 risoris
515 4079 607 4148 patrie
630 4090 676 4138 est.
712 4076 762 4128 hoc
776 4079 897 4146 fecerit,
923 4097 991 4131 non.
1006 4084 1158 4142 moriatur,
1183 4080 1335 4133 secundum

228 4148 340 4202 illorum
358 4150 459 4220 legem,
478 4149 645 4220 ubisnctum
659 4147 754 4217 fuerit.
778 4147 812 4199 Si
829 4150 894 4200 litus
913 4162 961 4202 ecc.
1019 4152 1053 4217 s)
1073 4152 1179 4202 Desunt
1194 4150 1224 4202 iu
1249 4151 1334 4202 Corb.

226 4217 257 4290 g)
275 4219 373 4292 Sprug.
392 4217 483 4276 addit:
501 4217 537 4270 ln
555 4219 741 4288 qualicunque
759 4217 820 4272 loco
845 4231 901 4280 cst,
928 4218 1074 4274 secundum
1101 4223 1185 4290 legem
1209 4221 1335 4275 illorum.
