2876 4992
190 283 263 360 lto
560 317 562 327 ι
608 303 690 358 ‘cer
725 303 849 360 sinc-s

187 451 262 508 mon
270 459 380 508 omnes
396 451 569 510 teneantur
585 441 729 522 obnoxii,
762 453 870 507 secuta
887 443 1017 506 fortuna
1039 443 1094 505 alii
1114 444 1166 508 cui
1183 445 1299 509 volue-

187 529 258 590 sed=
271 528 388 608 quibus
412 528 541 586 fuerent
566 535 597 585 et
619 525 731 606 adpro·
761 527 805 587 rit
825 527 910 591 dare.
950 529 1065 588 Postea
1085 527 1151 608 ipse
1171 527 1205 588 in
1226 550 1299 589 cesa

188 610 328 687 beli,.·illi
341 609 517 669 secundum
530 608 633 688 legem
648 628 731 666 com·
762 609 860 690 ipsius
888 629 1017 670 manere
1046 609 1142 670 debet
1168 619 1202 670 et
1233 621 1297 671 tres

188 699 320 776 ponent.
361 692 396 750 Si
413 690 485 770 quis
500 709 576 750 vero
589 688 666 749 foris
679 709 728 748 ca·
760 689 901 772 hospites
922 690 1041 752 ibidem
1058 691 1219 774 suscipere
1243 693 1297 752 de·

187 774 290 835 secel
314 774 375 832 iter
397 793 493 851 egens
512 771 579 832 sive
600 772 633 830 in
652 791 728 852 egro
759 773 814 832 bet
843 771 937 834 etde
963 782 1026 832 tota
1056 774 1206 834 facultate
1238 795 1296 834 sua

186 857 220 916 li:
237 855 451 916 contubernio
477 855 607 914 fuerent
630 853 728 914 occisi
759 863 916 936 quantum
930 855 960 915 ei
977 855 1072 914 detor
1090 855 1123 914 in
1140 865 1293 938 potestate

189 949 223 999 et
238 939 298 1000 Ill.
309 936 514 1017 velemplius
524 935 649 995 abuerit
663 937 730 1018 pla·
758 958 814 996 sua
826 935 944 996 habere
958 937 1053 997 debet
1066 947 1098 998 et
1108 948 1215 1016 posteo
1225 937 1294 1019 ipse

188 1025 264 1102 gas(
277 1041 365 1083 nere.
381 1013 578 1096 druetifh'do
589 1015 603 1102 )
614 1027 651 1077 ut
663 1027 726 1077 tres
758 1018 810 1079 cui
829 1018 887 1078 ista
903 1019 1023 1078 credite
1041 1028 1088 1079 est
1108 1019 1167 1078 ists
1185 1018 1294 1080 omnia

187 1103 228 1164 de
242 1125 280 1164 eo
296 1101 510 1162 contubernio
525 1099 582 1180 qui
603 1099 727 1182 probati
757 1122 831 1164 crum
860 1100 992 1162 testibus
1024 1101 1172 1162 collectis.
1198 1121 1293 1182 agere

184 1185 309 1244 fuerint
330 1183 451 1264 singuli
478 1190 610 1242 mortem
637 1182 726 1242 illius
758 1181 863 1248 debet.
900 1181 1014 1242 Postea
1037 1193 1093 1242 eut
1118 1192 1191 1244 ante
1215 1202 1292 1264 rege

187 1275 381 1346 componant
403 1273 435 1325 et
460 1265 516 1324 lll.
543 1263 672 1324 adhunc
698 1263 725 1324 si
756 1265 860 1324 autin
882 1264 979 1322 mello
999 1264 1140 1346 legitimo
1159 1265 1217 1326 ille
1238 1263 1293 1326 cui

184 1349 310 1408 fuerint
344 1347 383 1408 de
417 1346 485 1428 ipso
511 1345 724 1406 contubernio
754 1347 919 1407 furtunem
942 1367 1031 1406 suem
1056 1346 1244 1427 deputatum
1260 1343 1293 1406 ei

186 1428 354 1511 tregintini
373 1428 430 1488 sol.
456 1428 583 1487 solvant
609 1438 641 1488 et
665 1429 724 1492 lll.
754 1429 890 1488 reddere
908 1427 1020 1504 debet,
1041 1429 1176 1510 accipiat
1199 1429 1291 1490 listn-

186 1511 302 1588 edhnc,
323 1509 484 1571 siluerint
503 1509 542 1569 de
563 1509 631 1591 ipso
650 1531 724 1570 con·
755 1531 825 1570 cem
849 1510 882 1568 in
904 1509 1002 1570 mello
1029 1509 1096 1591 ipso
1121 1521 1193 1570 ente
1218 1511 1293 1576 XII.

184 1593 336 1654 tubernio
350 1591 549 1674 quinguinns
566 1592 703 1662 solvent,
755 1613 879 1686 menses
899 1591 965 1684 ipse
985 1611 1065 1672 quos
1084 1591 1217 1654 heredes
1230 1593 1292 1654 de-.

183 1733 722 1808 XLV1.Deh0minein0ste
752 1674 1293 1817 {tltdltlttstntlt

390 1835 517 1908 occiso.
691 1845 694 1850 '
753 1847 908 1919 quantum
927 1839 958 1897 ei
980 1838 1138 1898 creditum
1155 1847 1201 1898 est
1216 1837 1291 1900 etsi

754 1928 865 1981 contra
886 1919 947 1979 hoc
965 1919 1088 2000 aliquid
1107 1920 1213 1982 dicere
1234 1942 1291 1981 vo-

753 2002 852 2064 luerit
868 2002 986 2063 debent
1006 2012 1069 2063 tres
1082 2009 1178 2062 testes
1192 2001 1290 2062 iurati

752 2085 863 2146 dicere
889 2083 971 2165 quid
1000 2083 1045 2143 ihi
1067 2084 1204 2145 fuissent
1229 2085 1290 2144 ille

751 2187 850 2248 quem
873 2166 1078 2226 centenarius
1102 2168 1154 2228 vel
1179 2165 1292 2226 tunci-

753 2247 967 2313 nusindixer.
997 2249 1158 2328 quomodo
1185 2248 1290 2309 vidis-

181 2349 338 2422 XLVII,
364 2347 422 2416 Do
448 2347 719 2438 compositione
750 2339 822 2393 sent
843 2328 1006 2390 hominem
1027 2329 1120 2389 illum
1140 2330 1196 2411 qui
1221 2332 1292 2390 fur·

187 2465 190 2470 .
350 2445 533 2516 humicidfi
750 2419 828 2474 tuna
852 2433 908 2472 sua
934 2411 1008 2472 dere
1039 2412 1143 2471 voluit
1167 2412 1201 2470 in
1223 2411 1290 2472 lei-

218 2543 219 2548 ,
464 2498 470 2512 ‘
539 2497 547 2512 ⁴
751 2491 1288 2575 sumquemelegitlistuceiactare

204 2605 207 2612 ⁴
224 2574 258 2636 Si
279 2574 370 2656 cuius
390 2577 482 2657 peter
505 2571 629 2634 occisus
647 2565 720 2630 fue*
752 2587 785 2638 et
798 2577 1000 2638 dinumerare
1016 2576 1134 2636 debent
1149 2575 1206 2656 qui
1221 2577 1291 2634 lur-

181 2657 244 2734 rit‚
277 2659 446 2722 medietate
482 2653 720 2734 compositionis
750 2668 861 2720 tunam
887 2677 976 2718 suem
1000 2657 1034 2716 in
1056 2657 1170 2718 leisum
1194 2658 1292 2718 iecta-

183 2739 235 2801 scs
247 2741 315 2804 LII.
347 2740 387 2800 ad
411 2759 443 2800 se
465 2739 664 2820 recollegant
687 2741 721 2795 et
752 2742 800 2800 vit
815 2739 902 2800 etsie
916 2738 972 2798 ille
987 2741 1077 2800 euius
1093 2739 1207 2800 leisnm
1223 2740 1292 2799 iec-
1318 2771 1321 2774 ·

181 2821 240 2881 illa
275 2822 336 2880 alia
365 2819 532 2882 medietate
555 2817 718 2901 parentis,
748 2831 832 2882 tetus
853 2831 887 2881 et
915 2821 1007 2880 illum
1028 2842 1125 2902 quem
1149 2821 1291 2882 heredes

182 2903 240 2984 qui
261 2903 465 2985 proximioris
489 2910 573 2977 sunt,
594 2910 657 2960 tam
679 2898 718 2959 de
750 2903 911 2986 appellant
936 2903 1085 2963 similiter
1117 2904 1289 2964 nominant

182 2994 272 3066 petre
292 2985 440 3064 quamde
460 2981 717 3059 malre‚i¹1l0¹'⁵e
750 2997 782 3046 ct
806 2985 898 3046 elteri
921 2993 990 3045 tres'
1007 2995 1099 3046 testes
1121 2985 1215 3044 iurati
1237 2985 1289 3044 di·

184 3065 346 3143 devidnnt,
359 3065 490 3148 quod'se
511 3065 550 3124 de
568 3084 632 3123 une
650 3083 719 3143 per·
750 3088 823 3130 cere
837 3067 955 3128 dehent
965 3067 1044 3147 quid
1057 3067 1089 3125 in
1102 3089 1171 3128 cesa
1184 3067 1287 3147 ipsius

182 3154 227 3223 te,
247 3170 304 3210 sen
323 3159 465 3210 materna
484 3145 582 3207 nullis
601 3165 718 3226 peren·
749 3150 807 3230 qni
823 3151 983 3210 lurtnnem
997 3170 1083 3209 suam
1100 3149 1232 3209 donavit
1245 3148 1289 3208 il-

182 3229 222 3288 tis
237 3229 346 3308 fuerit,
364 3229 420 3290 illa
432 3228 543 3312 porcio
560 3227 654 3290 fiscus
667 3225 720 3286 ad·
749 3233 829 3293 lein
850 3231 903 3291 cui
924 3229 1040 3292 leisum
1062 3231 1204 3292 fistucam
1219 3229 1287 3290 inc-

180 3319 305 3392 querat.
747 3315 829 3374 tavit
842 3312 961 3374 ibidem
974 3313 1160 3373 mansissent
1173 3321 1204 3371 et
1218 3321 1288 3373 tres

217 3425 667 3499 ·=xLV111.DeReibus.
748 3395 890 3540 ten
912 3395 1287 3539 {reserentes

177 3611 182 3615 ,
223 3554 363 3638 Siquis,
382 3554 627 3633 adsolit,homo
647 3571 717 3618 mo'·
749 3551 822 3620 dem
848 3500 1125 3642 graiiasvegissent
1149 3580 1222 3618 cnm
1252 3565 1289 3618 et

180 3637 268 3704 tiens
297 3638 427 3701 viduam
456 3639 634 3716 demiserit,
659 3640 716 3721 qui
749 3641 782 3702 in
810 3641 913 3708 boode
947 3663 1003 3702 sno
1026 3640 1130 3724 pultes
1153 3639 1289 3700 mandu-

180 3741 251 3782 cem
276 3721 419 3784 noluerit
448 3720 593 3802 accipere
625 3733 716 3783 ante·
749 3733 873 3786 cessent
893 3732 925 3784 et
948 3733 1042 3785 testes
1062 3721 1234 3804 colligisset
1252 3730 1288 3782 et

178 3803 282 3883 quem·
300 3803 458 3884 accipitur
481 3803 538 3864 sol.
562 3803 622 3868 ΙΙΙ.
642 3813 715 3866 ente
749 3806 798 3865 illi
820 3804 875 3865 alii
898 3815 962 3867 tres
983 3815 1079 3866 testes
1097 3805 1154 3864 ista
1177 3805 1288 3864 omnia

179 3884 714 3965 tunginevelcentenario‚hocest‚
746 3897 855 3968 perata
873 3887 937 3948 dici
957 3887 1075 3948 debent
1097 3897 1129 3946 et
1144 3886 1224 3968 quid
1250 3887 1286 3946 in

180 3978 219 4028 nt
243 3968 413 4050 Tonginns
430 3968 482 4027 vel
505 3968 716 4050 Centenarins
747 3971 879 4028 mallum
908 3969 961 4031 vel
993 3979 1065 4029 ante
1093 3989 1201 4050 regem
1226 3969 1289 4032 ille

175 4049 310 4125 indicet,
334 4058 366 4122 et
380 4049 513 4112 mellum
530 4049 633 4130 ipsum
645 4073 715 4112 sou·
747 4053 803 4132 qni
814 4050 930 4133 accipit
944 4051 976 4110 in
992 4052 1106 4112 leisum
1117 4052 1290 4112 furtunam

172 4132 364 4204 „temelicos
386 4131 474 4195 debit
495 4139 526 4193 et
538 4140 601 4192 tres
613 4129 715 4192 homi·
747 4134 814 4215 ipse
841 4144 895 4194 ant
924 4143 996 4195 ante
1023 4154 1132 4214 regem
1166 4143 1221 4193 aut
1248 4134 1288 4194 in

176 4212 714 4292 trie‚nicaenosasv1demersderede·
747 4216 878 4276 snallum
908 4215 1073 4300 publicum
1104 4215 1293 4303 legitimum

225 1962 260 2024 Si
280 1961 351 2044 quis
365 1958 539 2038 hominem,
561 1958 638 2040 quia
651 1959 722 2042 lege

182 2044 286 2106 Selicn
320 2043 399 2105 vivit
423 2042 500 2103 dum
531 2051 579 2124 est
601 2043 633 2100 in
655 2053 721 2103 oste

181 2127 372 2188 hoccideret
390 2133 408 2199 t
426 2145 517 2186 nico.
543 2123 722 2200 leodardi]

181 2209 241 2271 sol.
258 2211 325 2274 Dc.
349 2208 435 2291 culp.
450 2205 516 2268 iud.
535 2291 536 2294 Ἴ
