2906 5008
272 1151 366 1233 VIR
389 1147 813 1224 GLORIOSISSIMUS
848 1148 1238 1226 GUNDEBALDUS

462 1313 573 1386 REX
604 1313 1047 1446 BpnGUNmoNUM.

283 1560 404 1622 crum
418 1575 594 1633 rnnsrrnu,
616 1553 796 1636 nostrisque
810 1553 1108 1634 constitutionibus,
1130 1579 1188 1641 pro
1198 1559 1311 1640 quiete

201 1654 237 1710 et
255 1642 395 1706 utilitate
425 1636 537 1722 populi
559 1638 660 1698 nostri
688 1636 862 1719 impensius
883 1638 1113 1719 cogitaremus,
1145 1641 1226 1722 quid
1255 1665 1312 1724 po-

201 1727 359 1792 tissimum
380 1723 419 1784 de
441 1718 577 1801 singulis
593 1719 710 1781 caussis
724 1729 757 1780 et
776 1718 879 1780 titulis
900 1719 1079 1798 honestati,
1101 1723 1310 1804 disciplinae,

201 1809 321 1876 rationi
345 1816 377 1869 et
411 1803 551 1864 iustitiae
583 1803 787 1878 conveniret,
826 1823 933 1861 coram
963 1803 1071 1882 positis
1104 1807 1310 1887 optimatibus

203 1893 319 1956 nostris
349 1886 500 1950 universa
533 1884 752 1966 pensavimus:
786 1892 819 1944 et
847 1893 909 1944 tam
933 1894 1040 1944 nostra
1071 1907 1166 1967 qnam
1197 1909 1312 1948 eorum

203 1971 380 2048 sententio,
416 1966 572 2028 mansuris
600 1967 635 2026 in
667 1987 782 2028 aevum
812 1965 938 2050 legibus
970 1969 1160 2051 sumpsimus
1190 1979 1310 2032 statuta

201 2055 357 2146 perscribi
383 2050 417 2137 lc)

287 2160 317 2200 rr
339 2158 391 2196 nur
413 2153 530 2194 nouum
552 2135 657 2206 (suro
688 2152 825 2192 sucunno
854 2151 947 2192 nunni
979 2131 1015 2202 l)
1048 2153 1159 2193 nounu
1193 2137 1307 2196 uosrur

202 2237 432 2284 naourosrssurr
453 2218 657 2290 (cunnensunr
678 2235 765 2275 nucis
786 2221 850 2291 m),
872 2235 956 2274 ursan
975 2233 1248 2276 consrrrnrrosnu
1269 2239 1308 2277 ns

204 2320 404 2366 rnarrsrrn
426 2319 464 2358 ur
486 2316 709 2358 Pssnssurrsus
733 2316 833 2369 erur
857 2317 888 2355 rr
908 2316 1096 2356 ranenrnuu
1120 2318 1309 2359 cousentan-

205 2407 255 2448 urs
278 2402 422 2457 uncinus,
451 2399 562 2439 currus
585 2398 638 2438 sun
659 2400 711 2438 nra
735 2399 776 2442 1v.
798 2388 834 2451 η)
863 2397 928 2440 usu.
951 2398 1053 2443 ursin.
1077 2399 1222 2440 nocuum.

206 2515 209 2524 Δ
286 2485 392 2526 suone
416 2481 590 2536 susurrus,
613 2482 671 2541 per
694 2481 790 2541 qnam
817 2463 905 2521 Deus
924 2461 1087 2542 placatur,
1116 2469 1147 2520 et
1171 2472 1308 2542 potestus

195 2559 352 2613 terrenae
378 2543 606 2621 dominationis
633 2543 830 2624 adquiritur,
869 2563 906 2602 ea
931 2543 1069 2624 primurn
1098 2542 1205 2604 habito
1227 2567 1308 2606 con-

204 2634 279 2698 silio
298 2628 468 2702 comitum,
503 2645 737 2706 procerumque
756 2636 938 2686 nostrornm
957 2625 1136 2686 studuimus
1157 2627 1307 2690 ordinare

192 2721 241 2780 'ut
267 2711 433 2794 integritas
454 2718 486 2768 et
506 2707 649 2788 aequitas
673 2707 836 2768 iudicandi
855 2714 891 2781 o)
926 2728 944 2765 a
968 2729 1002 2768 se
1029 2708 1136 2766 omnia
1155 2697 1308 2788 prasinis,

190 2801 260 2864 *rel
288 2793 512 2876 corruptiones
549 2790 707 2854 excludat.
749 2790 869 2850 Omnes
896 2789 1005 2872 itaque
1048 2791 1307 2852 administrantes

204 2881 328 2946 iudicia
346 2885 382 2960 p)
402 2872 581 2936 secundum
607 2873 694 2953 leges
712 2882 834 2932 nostras
884 2893 965 3013 (lim
985 2872 1149 2931 communi
1171 2883 1308 2934 tractatu

205 2960 399 3046 sempositae
418 2969 450 3018 et
472 2953 656 3016 emendatae
673 2963 766 3024 sunt,
793 2953 878 3015 iuter
924 2955 1157 3035 argundionem
1180 2966 1212 3014 et
1240 2957 1308 3016 Ro-

197 3066 336 3110 vmanum
357 3037 515 3122 praesenti
538 3046 680 3118 tempore
707 3036 850 3097 iudicare
874 3036 1051 3097 debebunt:
1091 3036 1135 3096 itu
1170 3047 1207 3097 ut
1232 3040 1306 3098 nul-

207 3131 258 3190 lus
282 3123 406 3206 aliquid
428 3118 591 3182 decausis
613 3119 663 3178 vel
695 3117 822 3179 iudiciis
847 3118 979 3200 praemii
998 3117 1048 3178 vel
1070 3121 1228 3179 commodi
1251 3142 1308 3180 no·

207 3211 294 3272 naine
316 3230 334 3266 a
353 3204 496 3287 qualibet
516 3209 604 3282 parte
626 3211 734 3280 speret
759 3210 814 3261 aut
836 3209 1016 3282 praesumat
1037 3201 1202 3280 accipere:
1234 3203 1306 3274 [sed

207 3290 380 3364 iustitiam,
413 3285 505 3346 cuius
536 3303 605 3362 pars
631 3293 790 3358 meretur,
833 3283 974 3343 obtineat
1010 3293 1042 3342 et
1072 3286 1140 3342 sola
1169 3283 1309 3344 sufficiat

207 3372 375 3454 integritas
409 3363 583 3428 iudicantis
610 3373 658 3444 q).
707 3364 808 3426 Cuius
836 3365 917 3447 legis
950 3364 1167 3426 conditionem
1202 3367 1307 3440 (nobis

208 3475 340 3540 quoque
370 3448 563 3512 credidimus
590 3445 816 3527 imponendam
844 3456 877 3520 r)
915 3467 956 3507 ne
984 3447 1071 3506 ullus
1097 3447 1131 3505 in
1159 3449 1307 3526 quolibet

208 3556 374 3603 causarum
395 3551 511 3613 genere
535 3529 750 3610 iutegritatem
771 3538 911 3590 nostram
930 3527 1104 3609 suffragiis,
1138 3538 1191 3588 aut
1215 3551 1308 3611 prae-

206 3621 281 3684 miis
311 3625 465 3678 attentare
494 3622 686 3693 praesumat;
720 3633 738 3672 a
763 3610 854 3673 nobis
881 3631 1012 3692 qnoque
1041 3611 1179 3691 primum
1196 3611 1306 3690 aequi-

209 3702 283 3765 tatis
306 3698 411 3764 studio
439 3694 648 3777 repellentes,
686 3695 773 3778 quod
802 3717 820 3754 a
843 3693 967 3756 cunctis
996 3692 1054 3752 suh
1075 3714 1176 3776 regno
1193 3703 1303 3754 nostro

216 3848 640 3876 ...------——

276 3940 304 4009 lr)
321 3939 404 3990 Deest
420 3934 471 3984 iste
489 3932 611 4002 prologus
628 3931 656 3982 in
673 3929 800 3983 Heroldo.
869 3931 895 3997 l)
913 3930 1024 3984 llerold.
1044 3929 1212 4004 agnoscendi
1230 3929 1307 4000 fidei.

208 4012 245 4082 m)
262 4013 313 4063 Un.
333 4005 399 4059 cod
421 4001 590 4072 Sigismundi
605 4003 694 4068 Regis.
764 4003 796 4066 n)
814 4001 923 4053 Herold.
942 3999 985 4055 dis
1003 4003 1056 4060 111.
1126 4005 1159 4064 o)
1185 4002 1227 4053 sl.
1245 4019 1306 4052 mss.

190 4076 366 4138 ·iudlcando.
423 4076 458 4142 p)
476 4071 520 4123 Al.
538 4089 598 4123 mss.
614 4069 836 4123 administrantes
854 4089 888 4126 uc
906 4070 1019 4128 iudices.
1087 4073 1116 4145 q)
1133 4071 1244 4128 Herold.
1259 4069 1310 4123 sed

190 4153 332 4209 aius-ntiae
347 4145 408 4197 sola
424 4140 541 4211 sufficiet
558 4142 704 4214 isserninus
720 4138 870 4198 iudicandi.
947 4141 972 4210 r)
986 4141 1094 4196 llcrold.
1113 4161 1131 4195 a
1151 4141 1228 4194 nolis
1247 4159 1311 4196 cre·

210 4226 295 4278 dimus
313 4213 509 4285 imponendum.
1290 4233 1295 4239 ·
