2826 4998
361 319 466 380 naurs
484 317 848 400 sancan‘rrrt,xa1v.·
1155 305 1202 380 50

100 472 160 534 dem
168 459 425 552 compositionem
440 465 601 550 repetenti
609 487 673 528 res·
702 466 751 543 ri,
768 465 795 526 is
812 463 869 548 qni
887 463 1015 546 repetit,
1040 464 1197 528 secretius

97 557 187 616 tituat.
365 575 367 580 ’
705 548 878 609 admonere
899 545 1004 623 debet,
1021 553 1057 606 ut
1072 567 1204 609 serrum

132 634 204 699 Vll.
243 631 278 692 Si
300 653 378 693 vero
401 631 519 692 ancilla
548 630 581 690 in
609 630 673 690 tale
704 651 797 691 suum
822 630 906 689 infra
938 639 1060 710 septem
1090 641 1203 690 noctes

99 719 204 782 crimen
224 714 427 796 inculpetur‚
459 714 546 773 unde
562 734 673 775 servus
705 721 905 796 praesentem
926 712 1035 782 faciat5
1068 712 1203 796 quodsi
1236 777 1239 782 ,

99 799 212 866 castrari
229 797 353 871 debeat,
372 805 426 856 aut
447 795 570 856 CCXL.
592 796 674 856 ictus
706 816 771 856 non
793 793 927 871 fecerit,
949 802 1028 854 tunc
1051 801 1203 876 repetens

99 882 227 964 accipere
242 877 473 960 flagellorum,i
499 901 531 938 sa
542 879 676 939 totidem
704 878 804 941 solem
823 876 874 936 illi
890 897 963 936 cnm
977 875 1110 938 testibus
1131 877 1203 938 eol-

97 968 167 1027 ietus
186 961 332 1042 accipiat,
351 962 406 1020 aut
425 961 477 1021 CC
513 959 548 1022 L.
566 961 675 1024 denar.
705 961 807 1029 laeet;
831 968 864 1019 et
890 959 916 1020 si
936 958 1021 1018 infru
1039 959 1117 1020 alias
1132 981 1202 1042 sep-

98 1042 357 1132 quisacinntsol.
380 1043 436 1107 VI.
458 1051 638 1125 componat.
704 1052 770 1103 tem
799 1050 910 1102 noctes
938 1041 1043 1124 ipsum
1074 1063 1203 1103 servum

134 1127 219 1190 vill.
262 1125 296 1184 Si
311 1125 384 1204 quis
399 1147 473 1185 cum
488 1146 579 1186 servo
601 1124 677 1186 alie·
707 1145 772 1185 non
793 1123 1061 1207 praesentaverit,
1083 1123 1203 1185 iterum

100 1234 136 1272 no
150 1209 214 1271 sine
236 1208 374 1268 consilio
402 1207 525 1267 domini
549 1207 598 1269 sui
621 1227 676 1268 ne·
704 1214 857 1288 repetens
870 1227 943 1267 eum
954 1207 1088 1268 testibus
1101 1206 1204 1266 solem

100 1293 271 1378 gotiare'rit,
300 1291 368 1349 DC.
384 1289 457 1354 den.
473 1290 530 1372 qni
553 1289 677 1350 faciunt
706 1289 737 1350 ei
751 1288 900 1362 collocet,
911 1298 944 1350 et
956 1288 1050 1348 tertia
1063 1288 1133 1351 vice
1149 1290 1202 1370 ad-

101 1376 148 1442 sol.
155 1375 219 1437 XV.
230 1369 401 1453 culpabilis
413 1370 585 1436 indicetur.
600 1373 676 1433 Cer·
705 1371 770 1432 huc
783 1377 905 1452 septem
923 1379 1033 1432 noctes
1046 1371 1203 1452 placitum

41 1463 43 1470 ⁴
101 1469 126 1520 te
144 1456 168 1519 si
184 1455 255 1516 talis
271 1455 368 1536 culpa
385 1462 452 1532 est,
474 1453 560 1514 unde
581 1455 678 1536 Inge—
707 1453 757 1514 illi
777 1452 950 1532 concedat,
972 1453 1005 1512 id
1026 1463 1082 1529 est,
1100 1461 1135 1514 ut
1153 1463 1202 1517 to·

101 1561 173 1600 nnus
190 1537 284 1597 homo
301 1538 444 1598 Francus
465 1537 588 1601 VIIlM.
603 1537 677 1601 den.
708 1545 757 1598 tus
784 1557 937 1596 numerus
962 1535 1002 1596 ad
1030 1535 1146 1617 viginti
1171 1547 1205 1602 et

102 1619 277 1704 componere
296 1618 401 1694 dehet,
417 1640 526 1681 servus
542 1619 677 1685 sol.XV.
707 1639 806 1678 unam
849 1628 977 1680 noctem
1023 1617 1202 1700 perveniat.

102 1702 254 1788 culpabilis
274 1701 445 1763 iudicetur.
708 1701 804 1777 Quod
830 1699 856 1760 si
887 1711 958 1782 post
989 1701 1051 1760 tria
1085 1699 1204 1782 placita

708 1803 837 1844 serrum
859 1782 1002 1844 noluerit
1015 1783 1147 1865 ligatum
1162 1784 1203 1845 nd

707 1863 864 1950 supplicia
886 1865 960 1926 dare
978 1874 1010 1926 et
1023 1887 1083 1948 per
1095 1866 1204 1948 singu·

708 1947 739 2008 la
756 1948 873 2030 placita
896 1948 996 2008 solem
1017 1948 1047 2007 ei
1067 1949 1205 2009 colloca-

708 2030 813 2107 verit,
840 2039 919 2090 tunc
942 2029 1090 2092 dominus
1117 2031 1204 2094 serti

606 2147 611 2162 ·
709 2133 837 2194 emnem
852 2112 1097 2192 repetitionem,
1120 2114 1206 2175 sient

710 2195 858 2276 superius
878 2194 1037 2276 diximus,
1067 2217 1134 2257 non
1164 2205 1201 2258 ut

709 2299 829 2355 servus,
852 2277 908 2338 sed
927 2279 1017 2360 quusi
1042 2277 1204 2360 ingenuus

708 2359 771 2421 hoc
785 2360 1003 2436 commisisset,
1011 2361 1108 2422 talem
1117 2383 1202 2437 cum-

707 2441 899 2524 positionem
934 2445 1095 2526 repetenti
1137 2464 1201 2506 res·

707 2524 811 2584 tituat.
842 2579 847 2587 .

749 2608 819 2671 XV.
862 2606 897 2667 Si
922 2628 1000 2669 vero
1026 2605 1145 2666 aneilla
1167 2605 1202 2665 in

707 2687 765 2748 tali
792 2689 926 2750 crimine
941 2689 1139 2771 inculpatur,
1160 2686 1202 2750 de

708 2790 773 2852 quo
792 2792 909 2832 servus⁴
929 2772 1059 2831 castrari
1083 2769 1203 2831 debue-

708 2861 767 2931 rat,
781 2853 905 2918 CCXL.
921 2854 994 2919 den.
1007 2853 1063 2936 qni
1077 2853 1210 2913 faciunt

707 2935 766 3000 sol.
781 2935 836 3000 VI.
848 2935 875 2996 si
891 2937 1045 2997 convenit
1055 2936 1204 3013 dominus

706 3017 830 3094 reddat,
854 3029 908 3079 ant
924 3020 1043 3086 CCXL.
1059 3019 1141 3081 ictus
1153 3039 1203 3080 ae·
1258 3023 1263 3030 ’

155 3133 168 3162 e
709 3098 807 3182 cipiet
827 3099 1038 3184 flagellorum.

107 3312 182 3386 ra.
206 3315 344 3388 xnrv.
395 3315 455 3386 ne
477 3315 679 3388 romanas
708 3296 950 3389 rmxnrn.
991 3317 1213 3392 renomi-

166 3459 168 3464 .
256 3417 514 3506 Ingenuorum.
772 3418 874 3486 cidiis
889 3420 1141 3512 ingenuorum.

139 3542 162 3607 Ι.
201 3544 329 3626 Si'quis
350 3545 514 3628 ingenuus
534 3545 679 3621 Franco,
747 3545 774 3608 I.
814 3545 1204 3628 SiquisingenuusFran·

107 3635 153 3684 aut
164 3627 348 3705 Barbarum,
371 3637 425 3687 aut
443 3628 605 3688 hominem
622 3626 679 3709 qui
708 3650 782 3690 cnm
795 3648 814 3712 q
822 3637 853 3705 J,
873 3637 928 3692 aut
944 3629 1111 3690 hominem
1126 3631 1203 3692 har-

106 3706 195 3769 Saliea
210 3710 279 3790 lege
289 3711 390 3788 vivit,
403 3708 568 3786 occiderit,
579 3712 679 3784 (usar.
706 3712 817 3772 harum
833 3710 868 3783 r)
885 3711 1058 3788 occiderit,
1075 3713 1133 3792 qui
1152 3715 1203 3775 le-

106 3787 216 3870 Lendi)
240 3793 363 3856 VIHM.
382 3793 454 3854 den.
475 3793 530 3888 qui
554 3793 682 3866 faciunt
709 3815 745 3876 ge
757 3794 861 3855 Salina
874 3792 971 3870 vivit,
986 3793 1111 3854 VHIM.
1126 3795 1201 3860 den.

107 3871 155 3932 sol.
167 3875 224 3935 CC.
241 3873 411 3958 culpabilis
425 3877 597 3937 iudicetur.
708 3876 764 3958 qui
788 3877 912 3938 faciunt
936 3874 994 3939 sol.
1025 3875 1088 3935 CC.
1114 3875 1200 3959 culp,

708 3959 805 4020 iudie-

111 4069 426 4093 ’.Ἢ-...-

160 4117 190 4188 ·q)
205 4121 294 4173 Baluz.
317 4121 351 4173 Si
369 4124 430 4192 quis
451 4123 585 4190 ingennus
599 4121 732 4176 hominem
750 4125 886 4176 Francnm
901 4137 950 4175 ant
968 4121 1124 4176 barbarum·
1171 4119 1202 4186 r)

110 4184 182 4263 Closs.
199 4192 251 4243 Est.
269 4191 303 4248 ,id
314 4204 434 4264 estquos
451 4192 558 4244 Franci
573 4194 677 4244 exalia
693 4193 786 4263 patria
803 4195 832 4244 in
850 4213 934 4246 suam.
945 4191 1126 4247 adduxerant.
1162 4192 1201 4243 Et

34 4303 35 4308 ,
110 4270 168 4321 naor
184 4273 272 4331 captos
286 4261 344 4332 lege
360 4263 449 4316 salica
464 4265 557 4317 vivere
575 4263 682 4316 nolunt.
