2906 5008
208 278 283 356 298
563 297 935 355 ·err.-snorsrronon

207 440 312 518 verit,
344 431 449 524 primu
467 435 539 500 viee
562 445 732 521 arguatur,
760 438 902 502 secunda
922 436 989 502 XL.
1006 439 1100 502 solid.
1121 451 1320 524 componet,

205 524 301 586 tertie
322 543 417 585 suum
437 521 671 604 weregeldum,
708 531 822 604 quartu
861 521 1094 584 exterminetur
1126 522 1237 586 abacto
1269 527 1319 586 of-

207 607 380 751 ‘³⁰¹⁰‘va
423 685 571 765 (xvrn.)
592 689 635 748 us
662 683 688 747 si
711 684 784 768 <1⁰⁵⁸
808 682 952 747 ³⁰d¹⁰¹¹¹¹¹
973 685 1078 747 “¹¹³¹‘'
1102 686 1135 748 ⁵¹¹
1154 687 1232 749 ΝΜ
1258 689 1316 750 '⁶¹

203 779 297 833 terna
313 769 566 853 reprehensione
584 789 650 830 uon
678 766 896 846 damnaverit,
929 775 1059 831 etcum
1086 770 1245 832 diabolico
1259 771 1316 830 lu·-
1439 829 1440 832 ,

204 874 260 916 cro
301 849 480 930 dimiserit,
524 871 560 913 uc
589 872 650 934 per
677 870 769 929 eum,
803 850 895 933 qussi
937 851 1167 936 comparticeps
1201 852 1314 935 spoliis

203 956 382 1078 pauperum
415 934 589 1011 ditaretur,
619 953 693 994 rcus
727 933 874 1010 sceleris,
903 933 993 1015 quod
1012 935 1207 996 commiserit
1237 944 1317 995 ento

204 1039 317 1082 ocuos
340 1016 403 1080 Dei
435 1026 468 1078 et
499 1016 719 1100 Angelorum,
760 1015 936 1077 efficiulurr
968 1026 1000 1078 et
1028 1016 1312 1096 nihilominus,cui

202 1102 351 1164 fraudem
371 1098 504 1178 fecerit,
536 1098 626 1182 qussi
649 1098 815 1194 proprium
842 1106 1014 1181 componet
1040 1099 1193 1161 debitum.

287 1181 409 1246 XVII?
434 1183 546 1256 (xlx.)
569 1179 651 1242 Utri
669 1200 742 1262 quis
756 1181 791 1241 iu
817 1180 937 1244 virtute
958 1181 1170 1261 coniunctus,
1192 1205 1210 1242 u
1231 1201 1313 1244 con-

205 1265 281 1348 iuge
324 1262 453 1350 propriu
485 1263 667 1326 adulterine
690 1270 852 1345 seperatus
873 1263 989 1341 fuerit,
1024 1264 1157 1348 eiusque
1174 1285 1216 1326 ex
1234 1285 1316 1346 cog-

205 1347 338 1409 natione
368 1346 516 1430 couiugis
544 1355 676 1429 propter
710 1347 844 1407 eundem
876 1345 1110 1424 dimissionem,
1138 1346 1196 1428 qui
1236 1363 1313 1408 eum

205 1429 358 1515 persequi
379 1428 570 1508 tentaverit,
592 1451 610 1490 u
631 1427 761 1513 proprio
782 1429 944 1490 alienetur
962 1428 1164 1511 patrimonio

290 1512 414 1579 XVIll.
455 1511 547 1592 (XX.)
569 1514 613 1574 Ut
638 1511 748 1573 nullus
777 1520 850 1594 post
880 1520 1043 1573 tonsuram
1084 1511 1219 1594 capillos
1249 1531 1313 1572 usu

206 1615 249 1679 po
273 1595 356 1656 uiuri
384 1595 508 1657 nutrire
543 1603 743 1678 praesumet,
790 1613 851 1656 uec
876 1595 982 1656 relata
1007 1593 1123 1656 relicto
1152 1592 1228 1655 velo
1259 1614 1312 1654 se-

207 1618 349 1742 cuiurem
370 1675 515 1740 habiturn
542 1685 659 1740 eumutr
690 1684 724 1740 et
750 1675 873 1759 siquis
897 1675 949 1740 vel
981 1697 1044 1758 qun
1079 1675 1114 1736 iu
1146 1673 1209 1736 hoc
1230 1674 1315 1736 vitio

205 1760 491 1847 reperti'fueriut,
520 1770 575 1822 uut
594 1757 828 1846 corripiantur,
861 1766 918 1821 aut
938 1758 1270 1824 excommunicentur.
