2826 4998
406 327 681 408 mensurata
699 341 771 407 rtr.
794 341 882 406 ran

106 492 192 556 MCC.
221 489 333 554 denar.
369 490 427 571 qui
462 490 596 555 faciunt.
625 492 684 559 sol.

106 573 203 640 XXX.
222 569 389 654 culpabilis
410 572 583 635 iudicetur.

140 655 242 720 XVII.
283 654 318 716 si
335 655 408 735 quis
427 654 586 716 caballum
605 655 686 724 alie-

107 763 176 802 num
202 739 271 802 sine
298 756 459 798 consensu
484 737 607 799 domiui
634 741 685 801 sui

107 819 351 894 excorticaverit,
375 815 489 904 (nano.
504 820 686 898 Lendardi)
756 895 758 900 Ι

108 907 193 970 CXX.
220 904 293 966 den.
316 901 372 982 qui
400 901 526 964 saciant
547 903 604 966 sol.
627 903 685 966 llI.

108 986 263 1069 culpabilis
281 983 462 1062 iudicetur,
485 993 622 1069 excepto
637 1007 686 1048 ca·

108 1069 195 1154 pitalc
212 1077 244 1130 et
262 1067 418 1132 delatura.
515 1114 517 1119 .

716 1307 806 1383 ro.
833 1273 936 1378 xer.
987 1307 1047 1380 na
1071 1307 1127 1378 aa
1146 1308 1209 1401 qu

111 1405 187 1478 Tm.
197 1403 319 1476 XLII.
345 1404 404 1474 De
417 1403 686 1522 plagiatpribus.
715 1407 834 1478 aliena
856 1408 1043 1524 mancipia
1076 1405 1211 1477 sollici·
1303 1459 1309 1472 .

873 1517 1040 1581 laverant.

145 1638 170 1697 Ι.
209 1635 243 1695 Si
256 1631 495 1716 qnismancipia
507 1631 687 1694 alicnasol-
756 1637 781 1700 l.
824 1633 859 1696 si
872 1635 945 1715 quis
963 1631 1158 1716 mancipium
1174 1621 1209 1693 (ι’-

110 1718 290 1796 licitaverit,
314 1727 346 1778 et
377 1717 545 1790 convictus
569 1716 687 1792 fuerit,
715 1716 1068 1780 lienumsollicitaverit
1084 1725 1116 1778 et
1130 1736 1210 1778 con-

110 1809 206 1874 [eana.
219 1799 306 1860 Tbeu
321 1799 354 1860 la
365 1801 450 1872 sina]
461 1801 527 1874 DC.
543 1798 617 1860 den.
631 1798 689 1880 qui
717 1800 822 1862 victus
836 1800 953 1877 fuerit,
976 1801 1043 1861 DC.
1064 1800 1138 1860 den.
1151 1797 1211 1879 qui

110 1881 224 1942 faciunt
245 1881 340 1944 solid.
355 1880 429 1946 XV.
451 1881 623 1966 culpabilis
642 1883 690 1942 in·
715 1884 843 1944 faciunt
861 1884 919 1947 sol.
938 1882 1010 1950 XV.
1036 1883 1121 1967 culp.
1142 1879 1231 1942 iud..
1288 1919 1293 1926 ·

111 1965 236 2026 dicetur.

144 2048 182 2107 ΙΙ.
225 2045 261 2106 Si
290 2066 400 2108 servus
432 2045 556 2108 alienus
591 2047 692 2109 fuerit
759 2047 801 2114 ll.
843 2048 877 2110 Si
895 2049 967 2130 quis
985 2067 1113 2108 servum
1129 2043 1211 2107 alie·

108 2131 242 2204 furatus,
265 2137 298 2190 et
316 2128 383 2209 ipse
408 2137 595 2191 transmare
617 2133 691 2190 fue·
720 2154 798 2192 num
808 2129 1018 2214 plagiaverit,
1038 2129 1074 2190 id
1092 2139 1140 2190 est
1154 2145 1213 2211 per

109 2213 146 2274 rit
162 2211 297 2288 ductus,
319 2215 427 2288 (nana.
452 2211 604 2298 Vindio)
623 2213 691 2275 sive
721 2214 1026 2278 circumventionem
1049 2212 1088 2272 de
1108 2208 1214 2274 servi-

110 2294 323 2374 inquamlibet
339 2291 502 2374 regionem
516 2294 691 2377 ipsnmdu-
721 2299 766 2358 tio
790 2296 912 2357 domini
932 2296 981 2357 sui
1007 2292 1213 2372 abstraxerit,

110 2379 202 2452 xerit,
234 2386 266 2436 et
291 2375 412 2436 ibidem
431 2399 449 2435 a
475 2377 605 2439 domino
634 2397 691 2439 suo
722 2389 853 2442 ettrans
869 2401 953 2439 mare
969 2377 1083 2439 sivein
1098 2397 1211 2458 quam-

110 2459 255 2519 inventus
267 2457 383 2535 fuerit,
407 2468 438 2519 et
451 2458 575 2538 ipsum,
597 2482 691 2542 aquo
720 2463 801 2523 libet
816 2460 980 2542 regionem
989 2459 1094 2541 ipsum
1109 2461 1212 2520 dure·

112 2540 142 2598 in
158 2541 258 2620 patria
272 2541 378 2600 aliena
391 2541 549 2623 plegiatus
567 2551 633 2620 est,
656 2543 690 2600 in
720 2547 773 2623 rit,
789 2554 821 2605 et
835 2543 955 2604 ibidem
974 2543 992 2602 al
1009 2541 1140 2602 domino
1152 2561 1209 2602 suo

112 2623 204 2682 Mallo
230 2623 363 2703 publico
391 2624 627 2702 nominaverit,
660 2633 693 2684 et
722 2628 870 2690 inventus
888 2624 1004 2704 fuerit,
1027 2633 1059 2684 et
1076 2623 1212 2704 ipsumta

112 2714 169 2766 tres
182 2705 303 2765 ibidem
315 2715 409 2767 testes
425 2707 579 2789 colligere
593 2707 692 2769 domi·
721 2731 786 2804 φφ
807 2710 839 2767 in
859 2706 960 2789 patria
974 2706 1136 2846 plegiatus
1153 2713 1213 2783 eat,
1317 2757 1320 2764 .

113 2807 168 2848 nus
185 2787 296 2858 debet5
321 2787 478 2848 etiterum
497 2813 570 2850 cum
581 2810 692 2850 servus
722 2794 755 2852 in
781 2789 878 2850 mallo
903 2789 969 2871 pub
987 2789 1037 2849 ico
1063 2786 1213 2848 nomina-

112 2868 175 2950 ipsc
191 2869 271 2930 citra
293 2892 379 2930 mare
397 2872 498 2932 fuerit
512 2881 691 2947 revocatus,
723 2876 823 2950 verit,
846 2880 877 2932 et
894 2882 959 2932 tres
978 2870 1097 2932 ibidem
1118 2878 1212 2931 testes

112 2951 142 3009 in
156 2953 256 3012 altero
274 2953 373 3012 Mallo
390 2953 508 3015 iterum
522 2955 616 3016 debet
633 2978 692 3016 no·
722 2955 869 3017 dominus
893 2954 1011 3014 habere
1035 2953 1151 3029 debet,
1182 2963 1214 3014 et

111 3033 229 3094 minare
255 3035 311 3116 qni
337 3055 410 3094 eum
431 3037 639 3119 plagiaverit,
663 3044 694 3096 et
722 3039 864 3112 iterum,
900 3057 974 3097 cam
999 3057 1111 3097 servus
1145 3035 1213 3114 ipsa

111 3115 226 3195 ibidem
246 3117 395 3178 similiter
411 3126 475 3178 tres
494 3129 587 3182 testes
604 3119 695 3180 colli·
723 3121 802 3181 citra
822 3140 909 3179 mare
932 3119 984 3179 vel
1005 3119 1045 3180 de
1068 3118 1214 3199 qualibet

112 3218 181 3278 gere
196 3199 308 3270 debet;
331 3199 371 3260 ad
383 3201 513 3262 tertium
523 3223 600 3263 vero
612 3202 693 3262 Mal·
721 3199 962 3282 regioncfuerit
970 3209 1137 3262 revocatus
1147 3223 1161 3277 ,·
1177 3199 1213 3258 in

111 3280 175 3339 lum
203 3281 352 3342 similiter
375 3285 480 3344 facere
511 3284 622 3361 debet,
651 3292 694 3362 *ut
722 3286 823 3344 altero
851 3285 947 3344 mallo
983 3283 1079 3344 debet
1109 3283 1215 3344 nomi·
1298 3295 1300 3299 “

64 3381 67 3392 “
112 3383 226 3424 novem
244 3373 342 3424 testes
369 3365 492 3444 iurent,
522 3368 609 3447 quod
632 3389 695 3427 ser·
724 3387 820 3442 nare,
842 3367 901 3447 qui
921 3389 993 3428 eum
1007 3365 1216 3448 plagiaverit,

111 3467 182 3503 rum
206 3445 310 3528 ipsum
338 3449 515 3528 aequaliter
534 3470 591 3531 per
612 3458 694 3510 totos
724 3459 756 3510 et
776 3449 896 3508 ibidem
907 3450 1056 3510 similiter
1073 3457 1216 3510 nastes·-

49 3575 51 3584 .
112 3527 221 3588 Mallos
234 3549 332 3610 super
357 3532 566 3613 plagiatorem
583 3533 694 3592 dicen·
722 3543 770 3593 tes
787 3531 905 3592 debent
928 3532 1045 3595 adesse.
1086 3531 1134 3592 Ad
1155 3541 1218 3594 ter·
1273 3577 1274 3584 κ

112 3619 172 3670 tem
181 3611 351 3674 audissent.
375 3612 428 3672 Sic
439 3623 546 3694 postea
556 3613 611 3696 qui
622 3635 696 3674 enm
711 3615 805 3682 tium
822 3601 898 3673 vero
921 3613 1055 3672 mallum
1069 3613 1219 3677 similiter

112 3692 309 3774 plagiaverit,
325 3693 563 3757 mcccceen.
580 3696 635 3776 qai
652 3697 696 3755 fa·
725 3697 793 3758 fieri
811 3695 916 3772 debet,
936 3705 971 3755 ut
993 3715 1107 3755 novem
1119 3704 1215 3759 testes

113 3775 201 3834 ciunt
219 3776 277 3841 sol.
293 3772 430 3839 XXXV.
450 3779 619 3860 culpabilis
645 3779 696 3838 iu·
725 3780 850 3853 iurent,
868 3778 956 3859 quod
973 3789 1100 3836 servum
1112 3777 1217 3860 ipsum

114 3856 262 3935 dicetur,
275 3869 410 3941 excepto
428 3861 564 3944 capitale
584 3869 615 3924 et
640 3862 697 3922 de·
726 3861 1218 3944 acqualitersempersuperpla-

112 3939 221 4005 latura.
356 3979 360 3985 -
728 3943 881 4024 giatorem
903 3943 1015 4004 'dicere
1043 3939 1219 4009 aradissent.

149 4021 211 4083 Ill.
233 4023 325 4100 Quae
348 4024 509 4085 confessio
531 4025 615 4086 servi
643 4047 698 4086 us·
728 4027 780 4088 Sic
797 4036 905 4106 postea
925 4025 982 4104 qni
1002 4045 1076 4085 eum
1096 4023 1220 4107 plagia-

114 4123 173 4184 que
198 4105 237 4164 ad
257 4115 321 4167 tres
341 4106 530 4189 plagiatores
551 4106 699 4168 admitte·
728 4107 809 4171 verit
828 4107 967 4174 ICCCC.
994 4107 1067 4168 den.
1089 4106 1146 4188 qui
1170 4108 1221 4166 fa-

115 4194 180 4261 tur,
205 4195 361 4249 eatamen
382 4190 526 4268 ratione,
549 4198 585 4248 ut
600 4192 700 4251 nomi·
728 4191 820 4251 ciunt
844 4190 901 4252 sol.
924 4188 1030 4255 XXX,
1049 4187 1220 4272 culpabilis

116 4277 154 4326 na
172 4267 339 4332 bominum
360 4282 393 4334 et
409 4273 561 4334 villarum
580 4293 698 4356 acqua·
729 4273 909 4351 iudicetur,
937 4281 1073 4356 excepto
1085 4271 1223 4358 'capitali
