2876 4992
172 257 267 371 Μ
553 211 554 218 i
608 279 678 342 am
710 283 844 342 saties-

170 412 593 519 egsedebiat,autredemat,
605 439 711 506 quan·
743 425 891 507 eligente.
930 424 1000 512 Ego
1014 425 1173 492 Satacium
1187 441 1278 498 tuum

171 516 247 602 2qu
265 507 352 590 naht
385 541 402 590 '.
505 569 507 576 ,
587 560 590 568 ,
742 504 1278 594 illuminhocmallequodsalioa

177 626 311 696 QUI:
349 623 408 694 De
427 620 522 692 ando
540 631 646 692 mom·
741 587 797 650 lex
825 590 940 668 habel,
970 600 1002 653 el
1024 601 1104 656 tune
1130 596 1197 680 ipse
1222 597 1277 659 cui

175 709 227 766 Μ,
247 733 260 757 ,3
317 699 337 760 ᾗ
427 750 435 764 .
484 744 491 762 ι
543 748 550 762 ·
632 748 640 763 ι
741 682 789 732 est
819 673 897 734 fides
924 673 1007 760 facta
1039 676 1140 738 debet·
1160 689 1277 741 testare

177 751 328 840 §i'quis
343 752 435 815 altera
450 749 576 834 aliquid
591 756 709 832 priste-
740 761 776 813 ut
798 754 883 815 nulli
902 755 993 817 alteri
1014 778 1075 819 nec
1095 760 1196 821 solvat
1214 783 1275 824 nec

167 839 243 920 tecit
261 848 293 902 et
307 837 337 898 ei
357 833 461 894 noluit
483 831 640 908 reddere,
662 831 707 893 sic
738 835 854 921 pignus
882 838 1050 901 solutionis
1075 840 1175 902 donet
1200 853 1275 906 ante

167 945 243 996 eum
262 915 351 982 debit
364 917 404 998 ad
422 914 574 990 mallum,
596 935 706 976 secum
738 918 825 999 quod
848 918 878 978 ei
905 919 1036 1002 impleat
1068 923 1156 1003 quod
1178 923 1275 987 fidam

167 1003 302 1068 testibus
324 999 364 1060 ad
380 997 509 1059 domum
524 996 625 1074 illius,
652 997 705 1056 cui
737 1001 815 1062 fecit
831 1011 863 1060 et
882 1001 928 1062 sic
948 1003 1145 1074 festinantur
1159 1007 1200 1067 ad
1220 1008 1276 1068 do-

166 1107 217 1150 res
238 1106 310 1152 suas
325 1079 488 1164 prestetit,
512 1077 653 1155 accedat,
673 1087 704 1139 et
736 1104 823 1143 mum
840 1082 928 1145 illius
948 1084 1005 1168 qui
1024 1085 1054 1146 ei
1074 1085 1170 1147 fidem
1195 1089 1274 1150 fecit

165 1169 212 1232 sic
233 1167 283 1228 illi
304 1163 446 1226 testitus:
462 1161 537 1243 quia
554 1181 605 1220 res
619 1181 703 1222 meas
735 1186 809 1232 cum
831 1167 963 1228 testibus
992 1168 1152 1230 ambulare
1177 1170 1273 1232 debet

166 1247 301 1312 noluisti
308 1245 455 1321 reddere,
465 1265 542 1326 quas
551 1241 704 1325 llblpres·
735 1261 768 1313 et
782 1255 874 1329 rogel
886 1248 931 1308 ibi
948 1249 1092 1311 debitum
1105 1272 1197 1312 suum
1209 1254 1271 1313 sol.

165 1333 293 1395 tetiram
315 1329 350 1388 in
367 1327 429 1389 hoo
445 1347 496 1386 eas
511 1335 585 1386 tene
607 1334 701 1386 noete
733 1351 807 1396 vere
825 1337 857 1390 et
875 1330 901 1390 si
922 1330 985 1391 hoc
1005 1331 1147 1394 noluerit
1167 1333 1269 1404 sulem

163 1414 320 1502 proxima,
333 1409 422 1492 quod
434 1409 500 1469 Lex
509 1406 612 1467 Seliee
622 1429 701 1467 0⁰¹1-
734 1415 763 1476 ei
782 1410 880 1474 culcit
896 1419 928 1472 et
949 1414 976 1474 si
994 1415 1022 1475 ei
1044 1415 1144 1478 solem
1163 1416 1270 1476 culca-

163 1506 263 1572 tenet‚
283 1503 315 1556 et
334 1491 379 1554 sic
403 1489 434 1552 ei
453 1490 553 1550 solem
575 1490 701 1565 coiecit,
732 1495 817 1560 verit
830 1492 930 1555 CXX.
946 1495 1054 1557 denar,
1072 1495 1127 1579 qui
1143 1497 1268 1560 faciunt

162 1580 190 1642 si
209 1599 270 1640 nec
289 1585 367 1636 tunc
395 1572 534 1634 rendere
560 1571 701 1633 voluerit
731 1579 823 1642 solid.
845 1575 902 1640 ΙΙΙ,
919 1598 1016 1658 super
1031 1579 1173 1641 debitum
1190 1579 1267 1639 red.

164 1657 270 1730 adhuc
279 1660 354 1720 VlI.
367 1663 475 1716 noctes
484 1653 631 1714 similiter
649 1674 701 1715 ve·
731 1662 785 1723 dat
800 1668 833 1722 et
849 1655 895 1719 sic
911 1679 1013 1741 usque
1037 1662 1077 1722 ad
1094 1671 1157 1722 tres
1178 1661 1267 1723 vices

162 1742 213 1803 nit
229 1749 262 1803 et
280 1751 358 1802 tunc
382 1759 456 1798 eum
477 1735 572 1818 ragit,
591 1743 629 1795 ut
647 1736 700 1798 de·
729 1764 789 1826 per
803 1751 867 1804 tres
881 1741 1031 1803 mannitis
1049 1744 1155 1804 facere
1172 1742 1268 1804 debet

159 1825 371 1908 bitumlsuum
392 1818 520 1895 reddat,
543 1817 618 1879 etsi
637 1839 698 1878 nec
730 1835 763 1886 et
789 1841 885 1907 super
909 1822 969 1883 ista
997 1825 1103 1884 omnia
1131 1823 1215 1886 facta
1238 1823 1284 1887 si'

161 1917 239 1968 lunc
249 1900 698 1982 Voluerlbconponeressolem
729 1907 870 1968 noluerit
891 1905 996 1966 adhue
1011 1926 1195 1986 conponere
1211 1928 1266 1968 us-

161 1989 192 2052 ei
209 1986 334 2057 colosis,
357 1984 445 2066 quod
460 2004 518 2065 pro
539 1983 596 2042 111.
617 1981 696 2045 vicis
728 2009 792 2071 que
828 1991 868 2050 ad
910 1989 1003 2053 solid,
1046 1989 1100 2049 ΙΙΙ,
1137 1987 1277 2052 debitus.

157 2070 258 2154 solem
269 2065 481 2142 eicollicavit,
499 2084 624 2144 semper
639 2085 697 2147 per
728 2072 887 2132 ascendat.
929 2071 1020 2132 Istud
1040 2091 1098 2151 per
1120 2071 1265 2152 singulos

157 2152 301 2236 singulas
322 2148 399 2210 vicis
420 2147 477 2210 sol·
494 2147 553 2207 Ill·
571 2145 633 2206 hoc
647 2155 694 2207 est
727 2153 795 2216 dies
804 2154 892 2233 quod
900 2154 929 2214 ei
937 2153 985 2214 sol
996 2153 1171 2214 calcaverit
1180 2153 1264 2214 terni

120 2276 124 2280 -
155 2233 371 2319 persingulas
387 2228 618 2291 admonicionis
635 2229 692 2288 ad·
724 2235 828 2297 soledi
853 2236 891 2298 de
914 2235 967 2298 die
1000 2235 1035 2294 in
1059 2234 1146 2296 diem
1175 2243 1278 2298 orep

128 2344 132 2354 ¹
155 2317 309 2388 criscaut3
331 2313 358 2376 si
391 2312 591 2378 noluerittet
612 2319 692 2371 tunc
723 2325 809 2384 cant,

153 2419 289 2481 rogare,
310 2417 371 2456 nec
387 2395 482 2456 fidem
509 2393 607 2454 facire
621 2393 694 2454 red-

155 2479 195 2545 de
219 2479 258 2542 de
279 2479 309 2540 ei
327 2499 408 2622 ‘ime
427 2474 608 2559 praestetit,
635 2495 691 2536 su·
764 2479 799 2542 si
816 2502 876 2543 nec
900 2479 979 2542 fides
1001 2479 1083 2540 facta
1101 2479 1140 2541 ad
1161 2477 1276 2562 placi*-¹

150 2583 211 2646 per
234 2562 311 2623 illus
353 2559 395 2623 X.
419 2560 477 2625 sol.
497 2559 596 2620 solem
620 2557 690 2617 col·
721 2570 790 2622 tum
806 2563 985 2646 legitimum
1007 2564 1131 2624 solvere
1149 2563 1277 2634 volue-¹

150 2647 301 2722 leuatum,
321 2643 378 2724 qui
395 2663 453 2725 per
472 2640 613 2723 singulas
632 2639 689 2700 ad·
721 2645 764 2706 rit
781 2653 859 2706 tunc
872 2646 929 2706 ille
951 2644 1003 2706 eui
1024 2645 1102 2706 fides
1117 2645 1258 2705 factae'st

150 2726 345 2788 municionis
389 2732 562 2787 creverunt
595 2721 688 2784 solid.
720 2728 861 2789 ambulet
887 2727 927 2787 ad
963 2726 1137 2810 grafionem
1167 2725 1268 2806 illius

31 2841 34 2847 ·
150 2809 270 2875 XXlV.
289 2807 376 2892 culp.
396 2805 464 2870 iud.
718 2808 784 2871 loci
806 2810 839 2869 in
868 2809 960 2871 cuius
986 2829 1066 2892 pago
1087 2815 1196 2869 manet
1222 2815 1255 2874 el

151 2963 251 3039 LIV.
275 2961 334 3032 Da
349 2979 494 3032 manum
506 2959 551 3030 ad
566 2957 685 3031 eninm
717 2891 899 3040 fflenss:
909 2889 1255 3056 dirsailildaiigiliiiibeg.

261 3135 263 3140 ,
310 3057 530 3138 redimenda,
717 3055 769 3118 m'o
790 3057 846 3118 ille
869 3057 926 3150 qui
950 3054 1030 3116 mihi
1057 3055 1152 3116 fidem
1175 3053 1255 3115 fecit

718 3159 781 3222 que
802 3137 981 3222 legitimum
998 3135 1100 3197 babeo
1124 3134 1254 3198 adiecti-

191 3225 226 3287 Si
246 3225 319 3308 quis
342 3223 382 3286 ad
405 3223 510 3284 inium
532 3222 686 3284 admalla·
716 3243 793 3286 vum
808 3230 839 3282 et
858 3219 1060 3280 admallatum
1077 3219 1185 3300 inquo
1197 3219 1252 3280 lex

148 3318 200 3370 tus
216 3307 489 3386 fuerit‚fursitam,
504 3315 541 3369 ut
556 3327 685 3366 manum
717 3304 813 3367 salica
839 3302 984 3363 continet
1009 3310 1041 3362 et
1065 3320 1124 3382 ego
1154 3319 1252 3382 super

148 3412 239 3452 suam
259 3390 394 3450 redimat
408 3398 440 3450 et
457 3389 613 3451 iuratores
630 3387 684 3448 do·
715 3396 813 3450 meet
837 3405 934 3467 super
950 3385 1078 3444 fortuna
1100 3402 1168 3442 mea
1189 3402 1250 3463 po·

119 3500 120 3504 ¹
149 3473 208 3549 nit,
229 3471 255 3534 si
279 3472 351 3532 talis
371 3493 497 3544 causam
521 3482 568 3533 cst
595 3471 683 3532 unde
715 3489 758 3528 no
776 3467 856 3550 quid
879 3487 1011 3528 securus
1034 3464 1125 3526 mitto
1152 3483 1251 3546 super

148 3553 292 3644 legitime
309 3554 367 3616 sol.
395 3553 469 3616 XV.
501 3561 681 3635 componat,
712 3553 875 3611 fortunam
909 3569 998 3610 suam
1027 3569 1182 3624 manum,
1218 3553 1250 3607 et

147 3637 173 3698 si
200 3636 391 3724 adprobatus
422 3638 523 3698 fuerit
545 3636 601 3702 sol.
623 3633 682 3696 lll.
714 3632 800 3693 dicat
817 3651 942 3692 causam
961 3639 1014 3691 aut
1035 3630 1074 3690 de
1093 3637 1251 3711 quantum

148 3716 262 3798 ultime
289 3741 419 3780 manum
455 3721 617 3796 redamat,
654 3717 680 3779 si
714 3715 743 3776 ei
769 3713 865 3774 fidem
892 3712 979 3778 fecit.
1026 3713 1119 3772 Tunc
1151 3707 1250 3792 grafio

143 3803 218 3884 plus
230 3801 269 3862 ad
281 3797 411 3862 manum
425 3802 612 3864 redimenda
623 3801 681 3861 de·
714 3797 845 3879 colligat
863 3817 972 3857 secum
988 3804 1108 3877 septem
1130 3791 1250 3853 racim-

145 3884 253 3960 derit‚
283 3887 384 3946 fretus
412 3885 595 3946 Grafionem
620 3881 682 3944 sol·
712 3881 822 3962 burgis
837 3879 970 3940 idoneos
989 3887 1020 3938 ct
1039 3877 1085 3938 sie
1109 3873 1250 3937 cumeis

144 3975 246 4042 vatur,
261 3985 416 4049 quantum
427 3966 465 4028 de
481 3988 608 4029 causam
624 3965 681 4025 illa
713 3962 855 4023 ambulet
885 3961 926 4020 ad
954 3981 1056 4021 casam
1078 3959 1166 4018 illius
1189 3955 1249 4038 qui

144 4042 334 4111 convinctus
349 4049 628 4128 fuerit,rediturus
645 4070 679 4108 e·
711 4045 808 4106 fidem
820 4044 897 4105 fecit
919 4052 951 4104 et
967 4041 1105 4104 dicatei:
1127 4040 1248 4102 volun-

147 4130 200 4192 rte
229 4127 242 4150 ”’
260 4132 294 4194 si
314 4135 399 4194 'vero
428 4150 555 4194 causam
580 4130 680 4192 fuerit
710 4136 809 4188 tatem
830 4135 918 4187 tuam
939 4125 1027 4186 solve
1043 4121 1167 4183 homini
1186 4121 1248 4180 illo

142 4203 420 4328 uanae
440 4215 679 4321 asanaa
711 4209 800 4296 aa
820 4208 961 4272 mm
980 4203 1086 4270 aa
1109 4215 1142 4268 a
1160 4203 1247 4288 aa
