2900 5020
210 247 302 363 'tot
507 297 610 358 tuom
629 299 916 358 mmmmmrn*
930 299 1020 362 xxti.
1043 359 1045 364 .

305 438 401 510 XIII.
440 439 476 502 Si
497 443 642 525 tertium,
668 465 754 532 quae
770 442 862 506 iuxta
878 442 992 508 oculos
1017 450 1082 524 est,
1114 441 1246 508 duobus
1267 443 1356 508 soli-

225 521 275 586 dis
297 533 478 604 componat,
579 557 589 576 ν

252 647 273 661 ··
306 606 400 674 XIV.
441 607 477 670 Si
489 609 701 692 supercilium
718 609 871 675 inciderit
885 607 1008 672 duobus
1027 607 1139 672 solidis
1157 618 1355 693 componat.

309 691 380 753 XV.
422 689 456 750 si
482 692 685 775 palpebram,
718 703 771 752 aut
796 693 1013 778 superiorem,
1047 699 1104 754 aut
1124 693 1354 776 supteriorem

225 770 467 849 vulneraverit,
489 775 615 838 duobus
632 776 690 842 sol.
710 797 814 859 comp.

245 900 248 915 .
308 854 404 926 xvt.
445 857 480 918 si
500 879 611 922 nusum
627 859 890 940 transpunxerit,
912 859 984 924 XV.
1001 856 1095 924 solid.
1116 867 1304 940 componat.

307 936 413 1003 XVII.
455 940 489 1000 Si
513 961 690 1023 granonem
711 943 779 1004 ictu
799 963 984 1027 percussam
1010 941 1223 1026 praeciderit,
1258 943 1349 1006 duo·

218 1018 285 1090 bus
303 1019 397 1082 solid.
420 1035 601 1106 componat.
837 1029 839 1033 ’

306 1103 428 1166 XVIII.
470 1109 504 1168 Si
519 1107 683 1170 maxillam
698 1106 867 1186 inciderit,
889 1105 947 1176 VI.
964 1103 1066 1176 solid.⁴
1076 1127 1180 1190 comp.

306 1184 402 1251 XIX.
443 1189 479 1252 si
497 1211 598 1252 unum
611 1192 743 1254 dentem
755 1191 796 1256 dc
814 1187 1024 1254 interioribus
1044 1190 1238 1272 excusserit,
1260 1189 1347 1255 duo-

222 1267 284 1334 hm
299 1269 357 1335 sol.
368 1273 557 1353 componat.
915 1331 919 1338 .

308 1351 383 1420 XX.
425 1355 459 1415 si
477 1378 579 1417 unum
596 1378 637 1419 ex
654 1354 862 1440 angularibus
885 1355 1038 1418 dentibus
1056 1353 1254 1436 excusserit,
1275 1355 1344 1418 tri-

223 1431 286 1496 bus
303 1437 361 1499 sol.
381 1447 561 1518 componat.

306 1518 392 1585 XXI.
444 1522 480 1582 Si
505 1522 545 1587 de
566 1521 740 1586 molaribus
766 1541 869 1583 unum
894 1519 1088 1600 excusserit,
1116 1529 1256 1604 quatuor
1276 1521 1341 1584 sol.

225 1613 296 1662 com
322 1610 406 1662 onat.
898 1607 901 1614 ’

218 1687 221 1696 ’
297 1623 409 1745 lXXII.
450 1684 485 1746 Si
500 1685 647 1771 iugulum
663 1685 802 1749 incisum
817 1685 934 1766 fuerit,
956 1683 1015 1749 IV.
1031 1683 1141 1748 solidis
1155 1696 1338 1772 componat.

305 1765 437 1835 XXIII.
479 1771 515 1834 Si
544 1779 663 1835 costam
680 1778 897 1835 transversam
929 1767 1102 1848 inciderit,
1130 1768 1257 1834 duobus
1277 1771 1338 1833 sol.

225 1867 296 1909 com
321 1860 405 1912 onat.
751 1875 756 1888 ¹

219 1934 223 1938 ’
298 1871 429 1998 XXIV.
482 1932 518 1996 Si
547 1931 716 1998 brachium
744 1935 812 2000 ictu
837 1954 933 2022 supra
959 1933 1106 1998 cubitum
1134 1935 1338 2022 confractum

220 2011 342 2093 fucrit,
365 2016 537 2102 duodecim
555 2018 650 2080 solid.
670 2028 852 2102 componat.
1325 2079 1327 2084 ,

304 2097 409 2163 XXV.
450 2100 486 2160 Si
509 2100 596 2162 infra
614 2101 760 2164 cubitum
779 2122 882 2164 unum
904 2096 1023 2164 ossium
1041 2097 1243 2162 confractum
1265 2099 1337 2162 fue·

223 2176 285 2259 rii,
307 2182 365 2245 VI.
385 2179 445 2246 sol.
466 2193 646 2265 componat.

302 2261 435 2354 XXVI.
463 2264 499 2326 si
516 2275 652 2348 utraque
665 2287 736 2330 osse
749 2265 850 2328 fracta
866 2261 1007 2342 fuerint,
1028 2261 1200 2326 duodecim
1220 2262 1335 2326 solidis

220 2355 455 2524 iomeXaVlb
486 2430 522 2492 si
542 2451 655 2494 munus
683 2430 717 2490 in
743 2429 811 2513 ipsa
838 2430 1008 2510 iunctura,
1039 2451 1106 2512 qua
1122 2426 1256 2492 brachio
1273 2427 1330 2492 ud·

219 2507 349 2586 haeret,
372 2511 507 2575 abscissa
531 2514 649 2593 fuerit,
670 2512 771 2579 XLV.
786 2512 897 2576 solidis
913 2522 1093 2595 componat.

219 2657 223 2668 ,
299 2593 464 2660 XXVIII..
494 2597 529 2657 Si
543 2597 695 2678 pollicem
707 2595 892 2678 absciderit,
914 2594 1069 2660 tredecim
1085 2593 1198 2658 solidis
1215 2601 1248 2657 et
1264 2613 1333 2660 uno

220 2677 364 2743 memisse
386 2687 567 2760 componat.

299 2759 422 2828 XXIX.
464 2761 499 2823 st
515 2761 660 2826 indicem
676 2761 865 2842 absciderit,
895 2759 970 2827 VII.
985 2759 1044 2824 sol.
1063 2766 1242 2842 componat.

151 2863 152 2866 ¹
187 2903 188 2906 ,
228 2887 255 2901 ,.
299 2840 404 2906 XXX.
446 2842 481 2903 Si
499 2846 642 2908 medium
663 2844 852 2924 absciderit,
875 2866 941 2908 uno
962 2843 1106 2908 tremisse
1130 2841 1239 2906 minut
1255 2861 1333 2926 sep·

212 2933 284 2990 tom
304 2925 365 2990 sol.
384 2937 566 3008 componat.
735 2995 737 3002 ,
1111 2945 1115 2954 ’
1183 2987 1187 2996 ,

243 3052 248 3067 .
300 3005 420 3072 XXXL
462 3011 498 3072 si
517 3009 706 3072 annularem
722 3008 911 3089 absciderit,
932 3007 1024 3073 VIII.
1045 3005 1104 3073 sol.
1125 3028 1229 3091 comp.

298 3089 437 3154 XXXII.
479 3092 513 3154 Si
530 3093 699 3154 minimum
720 3092 910 3172 absciderit,
932 3112 988 3152 sex
1003 3089 1062 3152 sol.
1088 3111 1192 3173 comp.
1279 3108 1282 3116 ’

247 3222 249 3232 .
299 3172 454 3241 XXXIII.
473 3207 476 3214 ·
495 3175 531 3238 Si
549 3185 633 3240 totos
656 3174 804 3260 quinque
819 3175 936 3260 digitos
955 3172 1146 3252 absciderit,
1166 3171 1248 3238 XLI.
1270 3168 1332 3236 sol.

216 3266 453 3483 comPXXXIV.
494 3340 606 3406 Palma
627 3362 741 3404 manus
762 3338 917 3421 abscissa,
948 3347 1089 3422 quatuor
1114 3334 1209 3402 solid.
1236 3355 1329 3398 com·

240 3443 301 3485 011&
317 3441 365 3487 [ll‘t
1148 3465 1149 3468 ¹

215 3443 238 3507 P
299 3506 330 3566 X
361 3501 431 3567 XV.
473 3503 508 3566 Si
527 3503 681 3589 quislibet
702 3503 820 3588 digitus
842 3526 883 3568 ex
902 3513 1043 3588 quatuor
1064 3499 1273 3587 longioribus*
1288 3497 1327 3560 in
1356 3561 1359 3566 .

215 3586 323 3670 superi
365 3586 391 3649 is
414 3585 543 3649 articuli
570 3587 721 3649 iunctura
741 3589 786 3648 itu
804 3608 975 3670 percussus
1006 3586 1127 3664 fuerit,
1156 3591 1193 3644 ut
1208 3583 1328 3644 humor

216 3691 257 3732 ex
275 3669 411 3730 vulnere
433 3668 599 3748 decurrat,
621 3670 710 3751 quod
730 3670 883 3752 liduwagi
903 3671 1031 3751 dicunt,
1054 3669 1081 3734 l.
1099 3666 1158 3730 sol.
1174 3687 1276 3748 comp.

297 3750 450 3817 XXXVI.
491 3753 526 3814 Si
540 3754 574 3813 in
590 3753 763 3816 subteriori
785 3751 923 3816 articulo
944 3752 1007 3816 hoc
1026 3749 1218 3834 contigerit,
1240 3749 1327 3811 duo·

214 3834 275 3902 bus
294 3835 353 3898 sol.
373 3856 444 3896 com
468 3843 553 3897 onat.
926 3881 928 3886 .

294 3856 466 3983 xxxvii
501 3917 579 3979 Siin
589 3915 685 3979 tertio
695 3913 832 3978 artIculo
841 3914 952 3994 fuerit,
966 3915 1067 3978 tribus
1077 3915 1135 3982 sol.
1144 3918 1327 4006 componat.

295 3999 493 4064 XXXVIII.
509 4075 511 4077 ,
534 4001 568 4062 Si
582 4000 616 4062 in
629 4000 780 4062 iunctura
792 4020 906 4061 manus
919 3998 1150 4064 etbracbiihoc
1164 4003 1326 4071 evenerrt,

214 4093 354 4169 quatuor
373 4083 431 4149 sol.
453 4092 632 4167 componat.
1332 4143 1337 4150 ,

295 4165 454 4234 XXXIX.
497 4167 532 4232 si
547 4166 582 4228 in
598 4162 992 4244 cubito'idcmovenerit,
1011 4169 1150 4250 quatuor
1165 4161 1223 4228 sol.
1240 4168 1325 4225 rom·
1426 4180 1427 4191 ¹

214 4258 323 4333 ponat.
853 4260 859 4294 '-
905 4287 907 4292 ·
1068 4289 1070 4296 ·
1102 4259 1133 4298 :,
1168 4291 1183 4298 -·
