2906 5008
208 273 290 407 245
397 291 513 382 ,seqre
532 293 802 385 arremarensis
839 293 910 348 nr.
930 295 952 346 r.
988 293 1063 349 css.
1082 297 1128 372 rr.

210 437 289 532 css,
299 523 302 532 ‚
311 430 355 496 ΙΙ.
370 519 373 526 ¹
397 429 446 493 De
455 431 503 490 lais
514 432 685 516 quicontra
695 431 791 512 legem
802 430 974 494 Ecclesiam
977 430 1137 512 fraudare
1151 437 1317 505 voluerint.

269 520 419 622 ‘'Si'qnis
438 539 545 622 aliqua
555 559 690 621 persona
711 549 823 603 contra
841 562 892 602 res
904 539 1067 604 Ecclesiae
1083 542 1202 606 iniuste
1220 569 1317 630 egere

213 623 368 699 voluerit,
393 623 442 682 vel
472 622 511 682 de
538 621 633 683 rebus
654 621 821 684 Ecclesiae
847 621 1031 684 abstrahere
1059 626 1217 706 voluerit,
1247 629 1315 692 sire

205 698 356 788 melqui·
379 703 470 764 dedit
496 705 549 765 vel
579 704 713 766 heredes
739 706 825 781 eius,
867 715 921 765 sut
951 706 1184 790 qualiscunque
1217 709 1316 773 homo

204 787 473 874 praesumpserit,
510 786 657 867 inprimis
680 788 822 847 incurrat
842 787 904 847 Dei
932 787 1087 849 indicium
1107 801 1139 852 et
1161 793 1316 854 offensiu-

208 888 291 933 nem'
309 876 436 932 sanctae
453 867 627 945 ecclesiae,
659 878 692 928 et
711 868 810 928 iudici
835 879 966 930 terreno
985 873 1145 953 persolvat
1165 877 1235 935 auri
1255 897 1314 936 uu·

211 953 276 1016 eins
296 961 360 1012 tres
388 945 417 1032 sl
442 960 476 1012 et
501 951 572 1011 illas
600 971 651 1011 res
672 951 837 1012 Ecclesiae
857 952 989 1029 reddat,
1030 963 1062 1014 et
1091 957 1168 1017 alias
1192 958 1314 1019 similes

208 1035 304 1098 addat
320 1035 406 1114 Rege
418 1041 553 1116 cogente
572 1033 624 1093 vel
647 1032 798 1115 Principe
813 1033 870 1114 qni
885 1034 988 1094 inille
1001 1035 1133 1118 regione
1149 1038 1247 1101 iudex
1257 1050 1313 1106 est

254 1147 331 1217 Car.
353 1147 412 1212 ΙΙΙ.
452 1147 501 1228 De
523 1145 626 1229 sartis
646 1146 825 1220 Ecclesiae,
854 1148 1012 1231 quomodo
1031 1167 1273 1236 comportantem.

220 1336 224 1344 Ι
291 1264 318 1328 I.
362 1262 396 1324 si
423 1260 495 1346 quis
516 1283 566 1320 res
588 1260 753 1323 Ecclesiae
774 1263 949 1340 furaverit,
988 1273 1021 1325 et
1046 1265 1164 1328 exinde
1194 1269 1315 1349 proba·

204 1337 256 1411 lus
281 1345 398 1430 luerit,
436 1345 476 1407 de
498 1341 719 1425 qualicunque
749 1365 789 1419 re,
817 1339 1010 1428 niungeldos
1037 1347 1156 1426 solvat,
1189 1350 1222 1410 id
1244 1362 1312 1430 est,

205 1449 325 1504 novem
344 1427 449 1514 capite
468 1425 631 1492 restituat·
664 1427 707 1487 Et
733 1423 759 1486 si
790 1445 907 1524 negare
935 1428 1096 1508 voluerit,
1132 1433 1314 1495 secundnm

229 1513 393 1574 ualitatem
416 1507 571 1591 pecuniae
595 1507 679 1568 iuret
700 1507 734 1567 in
757 1507 847 1569 altars
871 1509 910 1570 de
932 1531 995 1592 qna
1016 1512 1160 1574 Ecclesia
1181 1516 1313 1584 furavit.

203 1535 253 1658 ge
276 1617 339 1655 una
361 1592 445 1674 saiga
466 1596 495 1671 g)
517 1590 603 1652 solus
624 1590 719 1656 iuret.
759 1592 807 1651 De
829 1587 951 1653 drsabus
972 1593 1083 1676 saigis,
1114 1596 1168 1657 rel
1189 1598 1312 1680 tribus,

204 1688 237 1739 et
258 1675 416 1758 usquead
434 1673 629 1749 tremissem,
651 1693 724 1732 cum
736 1691 800 1733 nno
816 1677 1043 1736 sacramentale
1064 1677 1157 1739 iuret.
1183 1681 1312 1742 Deinde

205 1780 307 1844 usque
322 1757 362 1819 ad
377 1765 516 1838 quatuor
528 1759 686 1816 tremisses
701 1775 774 1816 cnm
794 1757 895 1816 trihus
917 1759 1198 1822 sacramentalibus
1215 1761 1312 1824 iuret.

204 1842 211 1862 ’“
291 1839 333 1908 ll.
374 1837 470 1902 Etsi
501 1837 690 1922 ampliorem
717 1837 888 1919 pecuniam
915 1835 1088 1918 furaverit,
1122 1852 1177 1903 aut
1203 1845 1312 1904 cabal-

176 1923 289 2001 -lum,
319 1931 374 1992 aut
403 1921 537 1997 bovem,
575 1929 631 1980 aut
660 1940 805 1998 vaccam,
845 1919 898 1982 rel
931 1921 1089 2004 quicquid
1116 1925 1190 2006 plus
1225 1928 1312 1989 valet

203 2025 301 2092 qnam
332 2013 471 2088 quatuor
496 2001 675 2080 tremisses,
715 2009 747 2062 et
777 2023 892 2085 negare
927 2003 1086 2080 voluerit,
1129 2013 1206 2068 tunc
1235 2031 1311 2070 cum

204 2112 262 2164 sex
283 2090 314 2164 la)
343 2084 623 2148 sacramentalibus
645 2084 746 2160 iuret,
782 2093 814 2144 et
842 2084 910 2169 ipse
931 2085 972 2148 sit
1001 2086 1171 2171 septimus,
1200 2090 1234 2150 in
1261 2093 1314 2152 al«

207 2179 275 2233 tare
298 2189 404 2230 coram
425 2166 545 2249 populo
567 2176 600 2227 et
629 2165 829 2249 Presbytero.
1288 2225 1290 2232 ,

289 2251 348 2316 lll.
391 2248 424 2311 si
447 2257 553 2309 antem
583 2245 623 2309 de
645 2248 824 2309 ministerio
848 2247 1012 2311 Ecclesiae
1033 2251 1159 2334 aliquid
1178 2254 1310 2316 furave-

206 2332 308 2410 verit,
341 2331 462 2409 idest,
494 2329 629 2392 calicem
653 2338 707 2390 aut
731 2339 878 2412 patenam
900 2333 951 2393 vel
977 2333 1114 2416 pallum,
1148 2346 1202 2397 aut
1229 2358 1311 2418 qus-

206 2419 403 2498 Iemcunque
432 2433 502 2476 rem
533 2411 572 2473 de
603 2412 686 2472 infra
716 2412 861 2474 Ecclesia
890 2414 1065 2494 furaverit,
1102 2426 1135 2478 et
1162 2419 1312 2500 probatus

206 2498 326 2580 ¹fuerit,
358 2493 610 2578 trimniungeldo
631 2495 653 2573 ί)
676 2495 796 2573 solvat,
830 2493 892 2557 hoc
924 2505 991 2575 sst,
1019 2507 1068 2559 ter
1089 2520 1204 2578 novem
1222 2501 1314 2562 resti·

204 2591 287 2652 tuat.
327 2577 417 2641 Etsi
446 2597 563 2661 negare
592 2577 752 2655 voluerit,
789 2577 966 2641 secundum
997 2580 1184 2662 qualitatem
1211 2604 1315 2668 pecu-

206 2649 282 2762 iqiae
300 2662 389 2725 iuret
410 2683 484 2722 cum
505 2657 584 2726 Xll.
605 2657 885 2735 sacramentalibus
908 2661 941 2720 in
964 2659 1033 2746 ipso
1055 2664 1164 2730 altare.

206 2781 288 2848 cnr.
306 2777 366 2845 lv,
406 2774 514 2836 Deliis
526 2774 582 2859 qui
594 2793 716 2834 servum
735 2773 883 2835 ecclesiae
895 2771 1135 2856 adfugiendnm
1151 2782 1316 2844 suaserint.

205 2893 230 2934 ξ’
294 2896 321 2962 Ι.
362 2893 397 2954 Si
417 2891 490 2976 quis
509 2909 638 2952 servum
659 2887 811 2949 ecclesiae
832 2889 883 2950 vel
897 2891 1047 2951 ancillam
1064 2893 1105 2954 sd
1124 2894 1316 2976 fugiendum

206 2978 367 3055 suaserit,
395 2985 432 3037 et
452 2993 506 3036 eos
526 2974 611 3033 foras
632 2971 805 3032 terminum
825 2971 973 3050 duxerit,
1007 2983 1040 3034 et
1060 2975 1176 3037 exinde
1197 2981 1316 3060 proha.

209 3073 265 3125 tus
287 3059 406 3133 fuerit,
441 3062 573 3118 revocet
596 3073 670 3114 eum
691 3052 860 3132 celeriter,
888 3064 921 3115 et
941 3067 1014 3116 cnm
1034 3057 1220 3137 quindecim
1241 3063 1315 3122 soli·

203 3141 263 3208 «dis
286 3145 315 3222 k)
336 3146 505 3222 componat
525 3155 604 3196 nuru
625 3135 835 3217 adpretiatus,
869 3156 927 3217 pro
955 3158 1017 3218 qus
1038 3160 1073 3198 re
1094 3156 1317 3222 praesumpse.

210 3225 340 3289 sithoc
363 3224 481 3284 facere.
521 3219 563 3280 Et
586 3216 664 3278 dum
691 3216 784 3276 illum
804 3227 950 3295 revocat,
996 3219 1094 3280 alium
1113 3223 1217 3284 mittat
1238 3227 1261 3303 ἱ)
1281 3225 1316 3284 in

208 3309 291 3389 ,luco
314 3327 371 3388 pro
391 3303 526 3386 pignore
550 3298 653 3361 donec
674 3297 768 3359 illum
788 3300 918 3378 reddat,
950 3321 1047 3382 quem
1068 3303 1100 3364 in
1122 3304 1198 3387 fuga
1214 3306 1317 3368 duxit.

209 3391 259 3454 *Et
284 3387 312 3448 si
331 3397 406 3445 ‘non
436 3381 579 3466 potnerit
602 3381 699 3442 illum
725 3380 889 3460 invenire,
919 3390 998 3444 tnnc
1026 3383 1124 3444 alium
1153 3389 1317 3467 dunelm)

215 3468 359 3538 similem
379 3465 446 3543 illi,
476 3473 509 3528 et
528 3461 715 3545 quindecim
736 3463 855 3525 solidos
881 3471 917 3540 η)
938 3477 1117 3549 componat.
1196 3501 1199 3510 ‹

302 3551 346 3617 11.
388 3550 435 3612 ltu
452 3547 504 3624 ,de
528 3545 669 3625 cucilla,
703 3546 883 3609 secuudum
915 3547 1004 3631 quod
1038 3549 1141 3630 valet,
1170 3551 1319 3617 similiter

207 3634 319 3715 ’,ἠοῖαι
337 3637 378 3714 o).

330 3875 372 3928 st
389 3889 437 3926 ms.
456 3875 554 3924 unctas
572 3866 671 3920 lmor.
702 3863 876 3937 Δς)λ1.ιτιεο.
899 3869 985 3924 suisa.
1027 3869 1179 3940 ls)lieruld.
1196 3889 1255 3926 cum
1269 3873 1320 3927 m.
1437 3833 1438 3836 =

222 3947 282 4020 os
321 3963 383 3998 mss.
406 3934 631 4020 triuniungeldo,
658 3933 916 4019 trimniungetduim
950 3940 1227 4012 thrimniungeldum5
1251 3947 1323 3995 trin·

220 4013 384 4096 nismgelde.
418 4010 471 4065 Til.
501 4004 769 4091 sdrummrmgeldum.
806 4006 948 4092 Lindenlsr.
971 4011 1195 4082 trieniumgeldo.·
1210 4011 1322 4096 Herold.

222 4089 310 4142 liti-im
338 4076 524 4152 niungeldum.
585 4076 615 4136 lc)
640 4075 752 4128 Herold.
770 4075 833 4128 XII.
858 4077 939 4162 sclrd.
996 4081 1023 4146 l)
1051 4081 1090 4133 sl.
1117 4099 1167 4138 ms.
1185 4097 1322 4160 restituat.

210 4156 322 4282 zamqqsls·
338 4168 390 4275 *ml
408 4159 537 4273 pqnsqfi
551 4145 715 4286 :inlidi
740 4144 805 4199 XII.
823 4146 912 4204 suiad
970 4151 1016 4220 e)
1045 4151 1086 4204 st.
1110 4169 1159 4205 ms.
1185 4155 1323 4209 Ancillam

211 4233 254 4282 ἲος
283 4239 356 4281 esses
390 4237 406 4274 n
445 4236 493 4288 ιφ
575 4233 685 4269 oua
1088 4262 1105 4270 ..
1285 4242 1291 4248 ·
