2906 5008
242 363 245 370 Δ
337 300 827 369 ιΕοις·ΑιΑΜΑΝΝοΒυΜτιτ.
846 309 966 370 xxxix.
1037 298 1039 303 ’
1154 304 1225 379 211

119 442 210 518 Tm.
228 440 438 514 XXXVII·
465 448 581 530 ἰ(38)
607 449 691 518 'De
713 454 921 546 mancipiis3
948 457 1110 532 ne'foris
1135 479 1228 560 pro-

414 633 416 640 l
476 548 632 618 vinciam
657 553 877 634 vendantur,

202 676 228 734 Ι.
272 671 433 754 Mancipia
454 674 532 736 soris
546 677 748 758 provinciam
771 702 865 742 nemo
882 683 1011 764 vendat,
1035 710 1096 753 nec
1118 690 1152 754 in
1170 717 1229 779 pa-

117 777 229 838 ganos,
253 776 314 816 nec
337 756 370 814 iu
394 755 604 835 Christianos,
628 761 690 820 nisi
715 763 813 824 iussio
835 766 935 827 Ducis
956 769 1067 838 fuerit.

201 839 246 899 II·
289 839 377 900 Infra
399 840 621 919 provinciam,
653 844 709 904 uhi
730 847 901 908 necessitas
923 859 980 927 est,
1003 856 1228 942 unnsquisque

117 921 160 980 de
182 919 344 1064 ffi³¹¹⁰ipi⁰
371 941 429 981 sno
457 933 647 1005 potestatem
669 925 783 990 haheat
809 931 989 994 secundum
1010 936 1117 1022 legem
1146 942 1230 1006 iudi·

115 1025 177 1064 can
206 1026 226 1069 ι.

201 1087 259 1147 ΙΙΙ.
302 1085 397 1147 Foris
422 1087 598 1149 terminum
630 1099 736 1152 autern
760 1092 923 1176 captivum
957 1100 1098 1165 laciendi
1119 1115 1229 1190 potes·
1275 1156 1277 1162 -

114 1176 216 1228 tatem
242 1189 307 1228 non
335 1168 460 1230 habeat.

201 1253 255 1313 IV.
298 1251 332 1311 Si
353 1260 459 1332 autem
483 1252 609 1330 fecerit,
640 1263 673 1315 et
692 1254 767 1318 inde
788 1261 955 1326 convictus
973 1265 1002 1344 b)
1024 1268 1134 1348 fuerit,
1155 1283 1228 1356 post

115 1343 315 1395 conventum
336 1346 480 1395 nostrum
501 1336 589 1415 quod
612 1338 807 1419 complacuit
824 1347 949 1408 cunctis
969 1349 1167 1427 Alamannis,
1195 1367 1228 1420 et

114 1415 233 1497 aliquis
253 1416 315 1476 hoc
337 1424 543 1500 praeceptum
564 1422 788 1502 transgredere
812 1428 962 1508 voluerit,
983 1431 1067 1494 illud
1086 1435 1228 1517 pretium

112 1500 204 1578 qnod
229 1497 307 1560 tulit
327 1500 367 1560 de
389 1501 520 1582 proprio
542 1523 600 1562 suo
620 1504 782 1588 mancipio
804 1511 929 1592 perdat,
952 1523 985 1574 et
1003 1515 1138 1600 iusuper
1158 1522 1226 1586 fre.

114 1583 194 1644 dum
217 1591 248 1656 c)
269 1603 367 1665 quem
394 1584 448 1644 Iex
474 1582 571 1644 habet
594 1597 773 1670 componat.

117 1723 232 1801 Tm,
257 1723 480 1795 XXXVIII.
532 1719 626 1818 (39.)
675 1725 734 1794 De
753 1723 811 1798 'eo
837 1732 899 1823 qui
924 1734 983 1805 dio
1015 1738 1197 1814 dominico
1224 1719 1225 1724 ἵ

444 1846 555 1915 opera
579 1825 727 1896 servilia
752 1826 893 1899 fecerit.

194 1953 221 2012 Ι.
261 1951 323 2012 Die
350 1949 511 2012 dominico
534 1971 629 2010 nemo
653 1972 750 2033 opera
774 1955 906 2019 servitia
930 1975 1113 2042 praesumat
1132 1969 1221 2032 face-

109 2057 174 2114 re3
204 2032 361 2116 quiahoc
386 2036 440 2116 Iex¹
458 2032 636 2118 prohibuit,
660 2041 691 2094 et
713 2057 801 2098 sacra
829 2041 988 2125 scriptura
1010 2046 1044 2107 in
1072 2051 1220 2116 omnibus

110 2116 313 2192 contradicit.

196 2201 240 2262 II.
283 2199 316 2258 Si
339 2199 412 2281 quis
436 2221 546 2262 servus
566 2199 600 2260 in
619 2198 682 2260 hoc
705 2201 782 2262 vitio
806 2202 959 2268 inventus
982 2209 1092 2293 fuerit,
1114 2238 1218 2300 vapu-
1287 2204 1292 2212 ⁸

109 2284 200 2345 letnr
224 2281 393 2351 fustibus,·
422 2283 506 2343 liber
533 2295 640 2345 autem
668 2285 861 2368 corripiatur
889 2309 992 2373 usque
1020 2297 1061 2357 ad
1088 2289 1215 2363 tertiam

109 2367 225 2430 vicem.
542 2424 544 2427 .

116 2449 120 2456 ’
191 2446 254 2510 111.
297 2443 330 2504 si
353 2454 459 2506 autern
482 2457 553 2528 post
581 2449 707 2509 tertiam
737 2453 972 2534 correptionem
994 2457 1027 2518 in
1049 2460 1111 2524 hoc
1133 2464 1213 2529 vitio

108 2533 262 2610 inventus
290 2528 470 2605 fuerit‚wet
496 2531 566 2590 Deo
597 2553 709 2592 vacare
745 2533 796 2592 die
827 2537 990 2598 dominico
1018 2535 1211 2626 neglexerit,

108 2626 140 2677 et
165 2635 260 2696 opera
282 2611 413 2674 servilia
435 2613 561 2690 fecerit,
584 2623 661 2676 tunc
685 2617 813 2677 tertiam
837 2630 961 2702 partem
986 2623 1025 2684 de
1047 2625 1210 2690 heredita-

106 2708 139 2760 te
161 2718 216 2760 sna
236 2695 357 2777 perdat.

189 2777 248 2840 IV.
290 2778 324 2837 si
345 2785 450 2836 autem
467 2777 657 2858 superhaec
685 2781 834 2844 inventus
848 2781 950 2847 fuerit
965 2794 1001 2847 nt
1022 2789 1087 2852 diei
1105 2793 1210 2855 domi-

106 2861 182 2921 nico
204 2861 363 2921 honorem
390 2880 455 2918 non
479 2860 652 2942 impendat,
675 2873 707 2924 et
731 2886 827 2946 opera
847 2870 976 2928 servilia
991 2873 1115 2954 fecerit,
1130 2887 1209 2942 tunc
1312 2871 1315 2876 ’

106 2953 235 3005 coactus
260 2952 291 3004 et
310 2941 476 3003 convictus
503 2964 609 3002 coram
628 2946 772 3023 Comites,
794 2948 850 3008 ubi
874 2958 952 3012 tunc
976 2955 1051 3017 Dux
1075 2960 1208 3021 ordina-

106 3026 201 3102 verit,
229 3025 262 3084 in
292 3024 460 3086 servitium
490 3027 653 3096 tradatur3
689 3039 722 3090 et
751 3031 827 3111 quia
853 3033 959 3096 noluit
986 3037 1056 3099 Deo
1082 3063 1206 3125 vacare,

105 3109 142 3169 in
164 3107 396 3191 sempiternum
418 3128 530 3169 servus
550 3111 743 3190 permaneat.

205 3258 294 3332 TIT.
320 3257 511 3327 XXXIX:
557 3263 653 3344 (40.)
702 3263 759 3332 De
784 3264 930 3339 inlicitis
955 3277 1099 3368 nuptiis.

114 3397 117 3402 '
186 3387 213 3452 Ι.
253 3381 385 3468 Nuptias
408 3385 614 3467 prohibemus
636 3389 782 3457 incestas.
824 3393 1093 3478 Itaqueuxorcm
1111 3407 1207 3472 habe·

105 3490 140 3530 re
155 3491 219 3530 non
231 3469 328 3529 liceat
342 3491 477 3547 socrum,
497 3491 624 3547 nurum,
640 3473 828 3554 privignam,
841 3499 1021 3562 novercam,
1033 3487 1130 3550 tiliam
1145 3495 1207 3554 fra·

105 3552 164 3612 tris
176 3595 189 3629 ‚-
217 3551 316 3612 filiam
335 3553 471 3630 sororis,
494 3553 600 3612 fratris
623 3575 774 3634 uxorem,
803 3562 911 3624 uxoris
933 3587 1084 3637 sororem,
1126 3577 1219 3637 Filii,

105 3635 249 3712 fratrum,
276 3635 336 3693 filii
358 3656 502 3696 sororum
527 3635 612 3695 inter
630 3658 663 3696 se
680 3639 769 3698 nulla
792 3649 1048 3728 praesumptione
1071 3655 1207 3739 iungan-

105 3725 166 3782 tur.
207 3718 242 3778 si
265 3718 337 3799 quis
363 3728 475 3778 contra
494 3719 556 3778 hoc
579 3719 693 3778 fecerit
712 3723 735 3796 dy
759 3721 821 3783 Ioci
845 3725 1006 3791 iudicibus
1027 3750 1204 3820 separetur,

107 3808 138 3860 et
158 3821 266 3860 omnes
293 3801 461 3864 facultates
483 3799 616 3877 amittat,
638 3823 714 3882 quas
733 3803 827 3868 fiscus
851 3811 1008 3891 adquirat.

113 3895 115 3901 '
183 3884 225 3943 ΙΙ.
266 3883 299 3940 Si
324 3885 462 3944 minores
483 3905 637 3966 personae
661 3896 736 3946 sunt
758 3911 892 3970 quaese
912 3894 1206 3964 inlicitaconiunc.

104 3962 190 4027 tione
210 3965 411 4047 polluerunt‚
436 3975 565 4028 careant
585 3966 753 4046 libertate,
785 3983 818 4033 et
840 3976 938 4039 servis
967 3979 1126 4044 fiscalibus
1148 3987 1203 4046 ad·

105 4048 281 4130 gregandae
308 4057 393 4113 sunt.

107 4188 537 4208 ——u—fi-

111 4213 113 4217 v
142 4246 211 4316 ub)
229 4244 355 4300 Corbion.
373 4247 517 4316 probatur.
562 4221 589 4316 ci
607 4247 731 4303 Schilter.
751 4251 898 4310 bannum..
