<?xml version="1.0" encoding="UTF-8"?>
<!DOCTYPE html PUBLIC "-//W3C//DTD XHTML 1.0 Transitional//EN"
    "http://www.w3.org/TR/xhtml1/DTD/xhtml1-transitional.dtd">
<html xmlns="http://www.w3.org/1999/xhtml" xml:lang="en" lang="en">
 <head>
  <title>
</title>
<meta http-equiv="Content-Type" content="text/html;charset=utf-8" />
  <meta name='ocr-system' content='tesseract 3.04.00' />
  <meta name='ocr-capabilities' content='ocr_page ocr_carea ocr_par ocr_line ocrx_word'/>
</head>
<body>
  <div class='ocr_page' id='page_1' title='image "./corpusiurisgerm02visigoog/corpusiurisgerm02visigoog_0151.png"; bbox 0 0 2876 4992; ppageno 0'>
   <div class='ocr_carea' id='block_1_1' title="bbox 229 255 1321 510">
    <p class='ocr_par' dir='ltr' id='par_1_1' title="bbox 229 255 1321 510">
     <span class='ocr_line' id='line_1_1' title="bbox 231 255 902 348; baseline 0.004 -17"><span class='ocrx_word' id='word_1_1' title='bbox 231 255 310 348; x_wconf 69' lang='lat' dir='ltr'>rso</span> <span class='ocrx_word' id='word_1_2' title='bbox 458 290 461 312; x_wconf 85' lang='lat'><strong>·</strong></span> <span class='ocrx_word' id='word_1_3' title='bbox 659 277 740 334; x_wconf 64' lang='lat' dir='ltr'>faex</span> <span class='ocrx_word' id='word_1_4' title='bbox 774 279 902 334; x_wconf 76' lang='lat' dir='ltr'>sanci</span> 
     </span>
     <span class='ocr_line' id='line_1_2' title="bbox 229 413 1321 510; baseline 0.01 -33"><span class='ocrx_word' id='word_1_5' title='bbox 229 415 370 482; x_wconf 80' lang='lat' dir='ltr'>mccc.</span> <span class='ocrx_word' id='word_1_6' title='bbox 384 413 457 481; x_wconf 65' lang='lat' dir='ltr'>lac.</span> <span class='ocrx_word' id='word_1_7' title='bbox 480 415 539 481; x_wconf 86' lang='lat' dir='ltr'>eol.</span> <span class='ocrx_word' id='word_1_8' title='bbox 559 414 656 480; x_wconf 88' lang='lat' dir='ltr'><strong>XLV.</strong></span> <span class='ocrx_word' id='word_1_9' title='bbox 681 417 767 504; x_wconf 83' lang='lat' dir='ltr'>culp.</span> <span class='ocrx_word' id='word_1_10' title='bbox 802 417 897 479; x_wconf 86' lang='lat' dir='ltr'>ciunt</span> <span class='ocrx_word' id='word_1_11' title='bbox 914 417 972 484; x_wconf 89' lang='lat' dir='ltr'>sol.</span> <span class='ocrx_word' id='word_1_12' title='bbox 991 419 1061 487; x_wconf 87' lang='lat' dir='ltr'>XV.</span> <span class='ocrx_word' id='word_1_13' title='bbox 1083 431 1200 505; x_wconf 81' lang='lat' dir='ltr'>except.</span> <span class='ocrx_word' id='word_1_14' title='bbox 1217 437 1321 510; x_wconf 83' lang='lat' dir='ltr'>capet</span> 
     </span>
    </p>
   </div>
   <div class='ocr_carea' id='block_1_2' title="bbox 161 497 1051 662">
    <p class='ocr_par' dir='ltr' id='par_1_2' title="bbox 161 497 1051 662">
     <span class='ocr_line' id='line_1_3' title="bbox 227 497 1051 584; baseline 0.007 -25"><span class='ocrx_word' id='word_1_15' title='bbox 227 499 294 560; x_wconf 89' lang='lat' dir='ltr'>iud.</span> <span class='ocrx_word' id='word_1_16' title='bbox 315 499 384 559; x_wconf 82' lang='lat' dir='ltr'>exc.</span> <span class='ocrx_word' id='word_1_17' title='bbox 403 518 471 579; x_wconf 88' lang='lat' dir='ltr'>cap.</span> <span class='ocrx_word' id='word_1_18' title='bbox 494 507 527 558; x_wconf 90' lang='lat' dir='ltr'>et</span> <span class='ocrx_word' id='word_1_19' title='bbox 546 497 602 564; x_wconf 90' lang='lat' dir='ltr'>dil.</span> <span class='ocrx_word' id='word_1_20' title='bbox 800 499 858 565; x_wconf 92' lang='lat' dir='ltr'>dil.</span> <span class='ocrx_word' id='word_1_21' title='bbox 878 501 965 584; x_wconf 90' lang='lat' dir='ltr'>culp.</span> <span class='ocrx_word' id='word_1_22' title='bbox 984 501 1051 568; x_wconf 84' lang='lat' dir='ltr'>iud.</span> 
     </span>
     <span class='ocr_line' id='line_1_4' title="bbox 161 577 767 662; baseline -0.01 -17"><span class='ocrx_word' id='word_1_23' title='bbox 161 601 164 611; x_wconf 59' lang='lat'><em>¹</em></span> <span class='ocrx_word' id='word_1_24' title='bbox 269 579 394 660; x_wconf 44' lang='lat' dir='ltr'>Sitquis</span> <span class='ocrx_word' id='word_1_25' title='bbox 404 580 530 662; x_wconf 91' lang='lat' dir='ltr'>poletrc</span> <span class='ocrx_word' id='word_1_26' title='bbox 545 577 767 642; x_wconf 86' lang='lat' dir='ltr'>aunoeolofu-</span> 
     </span>
    </p>
   </div>
   <div class='ocr_carea' id='block_1_3' title="bbox 224 661 1321 860">
    <p class='ocr_par' dir='ltr' id='par_1_3' title="bbox 224 661 1321 860">
     <span class='ocr_line' id='line_1_5' title="bbox 224 661 1321 745; baseline 0.01 -21"><span class='ocrx_word' id='word_1_27' title='bbox 224 661 344 724; x_wconf 84' lang='lat' dir='ltr'>raverit</span> <span class='ocrx_word' id='word_1_28' title='bbox 354 661 430 724; x_wconf 85' lang='lat' dir='ltr'>etei</span> <span class='ocrx_word' id='word_1_29' title='bbox 446 662 547 723; x_wconf 84' lang='lat' dir='ltr'>fuerit</span> <span class='ocrx_word' id='word_1_30' title='bbox 559 662 768 745; x_wconf 80' lang='lat' dir='ltr'>adprobatum</span> <span class='ocrx_word' id='word_1_31' title='bbox 800 667 940 737; x_wconf 83' lang='lat' dir='ltr'><strong>LXIII.</strong></span> <span class='ocrx_word' id='word_1_32' title='bbox 990 671 1049 739; x_wconf 77' lang='lat' dir='ltr'>De.</span> <span class='ocrx_word' id='word_1_33' title='bbox 1069 668 1207 741; x_wconf 79' lang='lat' dir='ltr'>caballo</span> <span class='ocrx_word' id='word_1_34' title='bbox 1227 685 1321 744; x_wconf 74' lang='lat' dir='ltr'>extra</span> 
     </span>
     <span class='ocr_line' id='line_1_6' title="bbox 227 744 1321 860; baseline 0.018 -39"><span class='ocrx_word' id='word_1_35' title='bbox 227 745 509 822; x_wconf 64' lang='lat' dir='ltr'>(&#39;M›⁴1⁸··⁸W²¹²¹&#39;⁸ial</span> <span class='ocrx_word' id='word_1_36' title='bbox 529 754 604 806; x_wconf 68' lang='lat' dir='ltr'>⁸⁰¹¹l</span> <span class='ocrx_word' id='word_1_37' title='bbox 622 744 767 821; x_wconf 65' lang='lat' dir='ltr'>din-DC·</span> <span class='ocrx_word' id='word_1_38' title='bbox 797 769 1015 860; x_wconf 80' lang='lat' dir='ltr'>permissum</span> <span class='ocrx_word' id='word_1_39' title='bbox 1040 769 1177 838; x_wconf 90' lang='lat' dir='ltr'>domiui</span> <span class='ocrx_word' id='word_1_40' title='bbox 1196 774 1248 840; x_wconf 90' lang='lat' dir='ltr'>sui</span> <span class='ocrx_word' id='word_1_41' title='bbox 1265 797 1321 840; x_wconf 86' lang='lat' dir='ltr'>es-</span> 
     </span>
    </p>
   </div>
   <div class='ocr_carea' id='block_1_4' title="bbox 181 825 1293 990">
    <p class='ocr_par' dir='ltr' id='par_1_4' title="bbox 181 825 1293 990">
     <span class='ocr_line' id='line_1_7' title="bbox 225 825 767 910; baseline 0 -22"><span class='ocrx_word' id='word_1_42' title='bbox 225 827 287 891; x_wconf 81' lang='lat' dir='ltr'>fao.</span> <span class='ocrx_word' id='word_1_43' title='bbox 311 826 369 888; x_wconf 83' lang='lat' dir='ltr'>sol.</span> <span class='ocrx_word' id='word_1_44' title='bbox 397 825 471 892; x_wconf 88' lang='lat' dir='ltr'>XV.</span> <span class='ocrx_word' id='word_1_45' title='bbox 488 827 573 910; x_wconf 88' lang='lat' dir='ltr'>culp.</span> <span class='ocrx_word' id='word_1_46' title='bbox 606 827 673 888; x_wconf 87' lang='lat' dir='ltr'>iud.</span> <span class='ocrx_word' id='word_1_47' title='bbox 697 848 767 892; x_wconf 84' lang='lat' dir='ltr'>exe.</span> 
     </span>
     <span class='ocr_line' id='line_1_8' title="bbox 181 867 1293 990; baseline -0.013 -35"><span class='ocrx_word' id='word_1_48' title='bbox 181 978 183 984; x_wconf 20' lang='grc' dir='ltr'>Ι</span> <span class='ocrx_word' id='word_1_49' title='bbox 216 929 295 990; x_wconf 57' lang='lat'>0²1&gt;-</span> <span class='ocrx_word' id='word_1_50' title='bbox 313 917 347 970; x_wconf 62' lang='lat' dir='ltr'>et</span> <span class='ocrx_word' id='word_1_51' title='bbox 367 908 455 969; x_wconf 84' lang='lat' dir='ltr'>dilat.</span> <span class='ocrx_word' id='word_1_52' title='bbox 829 887 938 935; x_wconf 87' lang='lat' dir='ltr'>censo</span> <span class='ocrx_word' id='word_1_53' title='bbox 955 867 1016 940; x_wconf 84' lang='lat' dir='ltr'>vel</span> <span class='ocrx_word' id='word_1_54' title='bbox 1036 881 1219 939; x_wconf 86' lang='lat' dir='ltr'>excurtato</span> <span class='ocrx_word' id='word_1_55' title='bbox 1237 881 1293 940; x_wconf 88' lang='lat' dir='ltr'>aut</span> 
     </span>
    </p>
   </div>
   <div class='ocr_carea' id='block_1_5' title="bbox 265 969 1281 1072">
    <p class='ocr_par' dir='ltr' id='par_1_5' title="bbox 265 969 1281 1072">
     <span class='ocr_line' id='line_1_9' title="bbox 265 969 1281 1072; baseline -0.016 -17"><span class='ocrx_word' id='word_1_56' title='bbox 265 991 300 1055; x_wconf 99' lang='grc' dir='ltr'>δί</span> <span class='ocrx_word' id='word_1_57' title='bbox 324 1011 403 1054; x_wconf 80' lang='lat' dir='ltr'>vero</span> <span class='ocrx_word' id='word_1_58' title='bbox 430 988 595 1072; x_wconf 82' lang='lat' dir='ltr'>sequentis</span> <span class='ocrx_word' id='word_1_59' title='bbox 621 988 767 1072; x_wconf 88' lang='lat' dir='ltr'>poletrus</span> <span class='ocrx_word' id='word_1_60' title='bbox 978 969 1172 1036; x_wconf 70' lang='lat' dir='ltr'>excoriato·</span> <span class='ocrx_word' id='word_1_61' title='bbox 1192 975 1197 987; x_wconf 66' lang='lat'>⁸</span> <span class='ocrx_word' id='word_1_62' title='bbox 1279 1005 1281 1007; x_wconf 94' lang='lat'>·</span> 
     </span>
    </p>
   </div>
   <div class='ocr_carea' id='block_1_6' title="bbox 223 1071 1402 1232">
    <p class='ocr_par' dir='ltr' id='par_1_6' title="bbox 223 1071 1402 1232">
     <span class='ocr_line' id='line_1_10' title="bbox 223 1071 1231 1154; baseline -0.018 -19"><span class='ocrx_word' id='word_1_63' title='bbox 223 1072 381 1135; x_wconf 84' lang='lat' dir='ltr'>furaverit</span> <span class='ocrx_word' id='word_1_64' title='bbox 396 1081 429 1133; x_wconf 87' lang='lat' dir='ltr'>et</span> <span class='ocrx_word' id='word_1_65' title='bbox 444 1072 474 1132; x_wconf 91' lang='lat' dir='ltr'>ci</span> <span class='ocrx_word' id='word_1_66' title='bbox 489 1071 590 1132; x_wconf 88' lang='lat' dir='ltr'>fuerit</span> <span class='ocrx_word' id='word_1_67' title='bbox 611 1071 767 1154; x_wconf 90' lang='lat' dir='ltr'>adproba·</span> <span class='ocrx_word' id='word_1_68' title='bbox 865 1125 872 1140; x_wconf 81' lang='grc'><strong>,</strong></span> <span class='ocrx_word' id='word_1_69' title='bbox 950 1126 957 1141; x_wconf 64' lang='grc'><em>,</em></span> <span class='ocrx_word' id='word_1_70' title='bbox 1223 1129 1231 1143; x_wconf 91' lang='lat'><strong>.</strong></span> 
     </span>
     <span class='ocr_line' id='line_1_11' title="bbox 224 1127 1402 1232; baseline -0.014 -27"><span class='ocrx_word' id='word_1_71' title='bbox 224 1162 429 1228; x_wconf 58' lang='lat' dir='ltr'>mmmm,</span> <span class='ocrx_word' id='word_1_72' title='bbox 454 1158 546 1232; x_wconf 65' lang='lat' dir='ltr'>nm)</span> <span class='ocrx_word' id='word_1_73' title='bbox 570 1154 766 1219; x_wconf 43' lang='lat' dir='ltr'>suntdimr·</span> <span class='ocrx_word' id='word_1_74' title='bbox 840 1127 875 1189; x_wconf 84' lang='lat' dir='ltr'>Si</span> <span class='ocrx_word' id='word_1_75' title='bbox 902 1150 975 1213; x_wconf 83' lang='lat' dir='ltr'>quis</span> <span class='ocrx_word' id='word_1_76' title='bbox 1007 1129 1166 1190; x_wconf 82' lang='lat' dir='ltr'>caballum</span> <span class='ocrx_word' id='word_1_77' title='bbox 1191 1129 1321 1190; x_wconf 82' lang='lat' dir='ltr'>alienum</span> <span class='ocrx_word' id='word_1_78' title='bbox 1401 1165 1402 1170; x_wconf 22' lang='grc' dir='ltr'><strong><em>κ</em></strong></span> 
     </span>
    </p>
   </div>
   <div class='ocr_carea' id='block_1_7' title="bbox 225 1211 1324 1356">
    <p class='ocr_par' dir='ltr' id='par_1_7' title="bbox 225 1211 1324 1356">
     <span class='ocr_line' id='line_1_12' title="bbox 225 1211 1321 1320; baseline -0.013 -34"><span class='ocrx_word' id='word_1_79' title='bbox 225 1235 329 1302; x_wconf 75' lang='lat' dir='ltr'>cxx,</span> <span class='ocrx_word' id='word_1_80' title='bbox 355 1236 417 1299; x_wconf 64' lang='lat' dir='ltr'>fac,</span> <span class='ocrx_word' id='word_1_81' title='bbox 437 1236 495 1298; x_wconf 62' lang='lat'>501,</span> <span class='ocrx_word' id='word_1_82' title='bbox 512 1235 574 1302; x_wconf 49' lang='lat'><strong>111·</strong></span> <span class='ocrx_word' id='word_1_83' title='bbox 591 1236 678 1320; x_wconf 48' lang='lat' dir='ltr'>culp·</span> <span class='ocrx_word' id='word_1_84' title='bbox 699 1235 765 1302; x_wconf 43' lang='lat' dir='ltr'><strong>jud·</strong></span> <span class='ocrx_word' id='word_1_85' title='bbox 799 1218 889 1270; x_wconf 81' lang='lat' dir='ltr'>extra</span> <span class='ocrx_word' id='word_1_86' title='bbox 925 1211 1096 1290; x_wconf 86' lang='lat' dir='ltr'>consilium</span> <span class='ocrx_word' id='word_1_87' title='bbox 1134 1211 1251 1272; x_wconf 87' lang='lat' dir='ltr'>domini</span> <span class='ocrx_word' id='word_1_88' title='bbox 1276 1213 1321 1272; x_wconf 90' lang='lat' dir='ltr'>sui</span> 
     </span>
     <span class='ocr_line' id='line_1_13' title="bbox 797 1291 1324 1356; baseline 0.009 -6"><span class='ocrx_word' id='word_1_89' title='bbox 797 1291 977 1352; x_wconf 88' lang='lat' dir='ltr'>ascenderit</span> <span class='ocrx_word' id='word_1_90' title='bbox 1008 1302 1063 1352; x_wconf 88' lang='lat' dir='ltr'>aut</span> <span class='ocrx_word' id='word_1_91' title='bbox 1097 1294 1324 1356; x_wconf 85' lang='lat' dir='ltr'>caballicaverit</span> 
     </span>
    </p>
   </div>
   <div class='ocr_carea' id='block_1_8' title="bbox 692 1372 1324 2196">
    <p class='ocr_par' dir='ltr' id='par_1_8' title="bbox 795 1372 1324 1621">
     <span class='ocr_line' id='line_1_14' title="bbox 797 1372 1323 1448; baseline 0 -14"><span class='ocrx_word' id='word_1_92' title='bbox 797 1379 912 1448; x_wconf 76' lang='lat' dir='ltr'>(naue.</span> <span class='ocrx_word' id='word_1_93' title='bbox 930 1372 1087 1436; x_wconf 79' lang='lat' dir='ltr'>leudardo</span> <span class='ocrx_word' id='word_1_94' title='bbox 1110 1377 1144 1435; x_wconf 86' lang='lat' dir='ltr'>in</span> <span class='ocrx_word' id='word_1_95' title='bbox 1161 1376 1260 1441; x_wconf 82' lang='lat' dir='ltr'>alium.</span> <span class='ocrx_word' id='word_1_96' title='bbox 1276 1397 1323 1436; x_wconf 86' lang='lat' dir='ltr'>ce-</span> 
     </span>
     <span class='ocr_line' id='line_1_15' title="bbox 795 1454 1324 1538; baseline 0.002 -22"><span class='ocrx_word' id='word_1_97' title='bbox 795 1454 943 1529; x_wconf 80' lang='lat' dir='ltr'>bricsitc)</span> <span class='ocrx_word' id='word_1_98' title='bbox 954 1455 1053 1518; x_wconf 88' lang='lat' dir='ltr'>llCC.</span> <span class='ocrx_word' id='word_1_99' title='bbox 1062 1457 1134 1518; x_wconf 86' lang='lat' dir='ltr'>den.</span> <span class='ocrx_word' id='word_1_100' title='bbox 1146 1458 1201 1538; x_wconf 91' lang='lat' dir='ltr'>qui</span> <span class='ocrx_word' id='word_1_101' title='bbox 1210 1457 1324 1520; x_wconf 84' lang='lat' dir='ltr'>faciunt</span> 
     </span>
     <span class='ocr_line' id='line_1_16' title="bbox 795 1537 1170 1621; baseline -0.003 -22"><span class='ocrx_word' id='word_1_102' title='bbox 795 1537 853 1599; x_wconf 83' lang='lat' dir='ltr'>sol.</span> <span class='ocrx_word' id='word_1_103' title='bbox 869 1537 977 1604; x_wconf 87' lang='lat' dir='ltr'><strong>XXX.</strong></span> <span class='ocrx_word' id='word_1_104' title='bbox 997 1538 1084 1621; x_wconf 82' lang='lat' dir='ltr'>culp.</span> <span class='ocrx_word' id='word_1_105' title='bbox 1102 1539 1170 1599; x_wconf 88' lang='lat' dir='ltr'>iud.</span> 
     </span>
    </p>

    <p class='ocr_par' dir='ltr' id='par_1_9' title="bbox 793 1619 1324 1946">
     <span class='ocr_line' id='line_1_17' title="bbox 837 1619 1324 1700; baseline 0.008 -20"><span class='ocrx_word' id='word_1_106' title='bbox 837 1619 968 1700; x_wconf 88' lang='lat' dir='ltr'>Siquis</span> <span class='ocrx_word' id='word_1_107' title='bbox 1003 1621 1163 1682; x_wconf 82' lang='lat' dir='ltr'>caballum</span> <span class='ocrx_word' id='word_1_108' title='bbox 1190 1621 1324 1684; x_wconf 77' lang='lat' dir='ltr'>alienum</span> 
     </span>
     <span class='ocr_line' id='line_1_18' title="bbox 794 1703 1322 1779; baseline 0 -17"><span class='ocrx_word' id='word_1_109' title='bbox 794 1703 1011 1763; x_wconf 86' lang='lat' dir='ltr'>excurtaverit</span> <span class='ocrx_word' id='word_1_110' title='bbox 1039 1706 1146 1779; x_wconf 77' lang='lat' dir='ltr'>(naue.</span> <span class='ocrx_word' id='word_1_111' title='bbox 1169 1704 1322 1777; x_wconf 77' lang='lat' dir='ltr'>leodardi]</span> 
     </span>
     <span class='ocr_line' id='line_1_19' title="bbox 794 1784 1323 1868; baseline 0.013 -26"><span class='ocrx_word' id='word_1_112' title='bbox 794 1785 885 1848; x_wconf 83' lang='lat' dir='ltr'><strong>CXX.</strong></span> <span class='ocrx_word' id='word_1_113' title='bbox 906 1784 981 1850; x_wconf 86' lang='lat' dir='ltr'>deu.</span> <span class='ocrx_word' id='word_1_114' title='bbox 1008 1785 1066 1868; x_wconf 86' lang='lat' dir='ltr'>qui</span> <span class='ocrx_word' id='word_1_115' title='bbox 1094 1787 1158 1851; x_wconf 84' lang='lat' dir='ltr'>lac.</span> <span class='ocrx_word' id='word_1_116' title='bbox 1188 1787 1244 1847; x_wconf 91' lang='lat' dir='ltr'>sol.</span> <span class='ocrx_word' id='word_1_117' title='bbox 1266 1785 1323 1849; x_wconf 92' lang='lat' dir='ltr'>lll.</span> 
     </span>
     <span class='ocr_line' id='line_1_20' title="bbox 793 1866 967 1946; baseline 0.011 -21"><span class='ocrx_word' id='word_1_118' title='bbox 793 1866 879 1946; x_wconf 91' lang='lat' dir='ltr'>culp.</span> <span class='ocrx_word' id='word_1_119' title='bbox 901 1866 967 1927; x_wconf 87' lang='lat' dir='ltr'>iud.</span> 
     </span>
    </p>

    <p class='ocr_par' dir='ltr' id='par_1_10' title="bbox 791 1947 1322 2111">
     <span class='ocr_line' id='line_1_21' title="bbox 834 1947 1320 2029; baseline 0.002 -23"><span class='ocrx_word' id='word_1_120' title='bbox 834 1947 868 2006; x_wconf 91' lang='lat' dir='ltr'>Si</span> <span class='ocrx_word' id='word_1_121' title='bbox 889 1947 961 2029; x_wconf 92' lang='lat' dir='ltr'>quis</span> <span class='ocrx_word' id='word_1_122' title='bbox 985 1949 1147 2011; x_wconf 84' lang='lat' dir='ltr'>caballum</span> <span class='ocrx_word' id='word_1_123' title='bbox 1168 1959 1320 2010; x_wconf 90' lang='lat' dir='ltr'>mortuum</span> 
     </span>
     <span class='ocr_line' id='line_1_22' title="bbox 791 2028 1322 2111; baseline 0 -21"><span class='ocrx_word' id='word_1_124' title='bbox 791 2028 861 2090; x_wconf 89' lang='lat' dir='ltr'>sine</span> <span class='ocrx_word' id='word_1_125' title='bbox 877 2030 1034 2111; x_wconf 88' lang='lat' dir='ltr'>permissu</span> <span class='ocrx_word' id='word_1_126' title='bbox 1059 2031 1182 2092; x_wconf 87' lang='lat' dir='ltr'>domiai</span> <span class='ocrx_word' id='word_1_127' title='bbox 1207 2033 1253 2093; x_wconf 90' lang='lat' dir='ltr'>sui</span> <span class='ocrx_word' id='word_1_128' title='bbox 1274 2052 1322 2091; x_wconf 80' lang='lat' dir='ltr'>ex·</span> 
     </span>
    </p>

    <p class='ocr_par' dir='ltr' id='par_1_11' title="bbox 692 2110 1323 2196">
     <span class='ocr_line' id='line_1_23' title="bbox 692 2110 1323 2196; baseline 0.002 -26"><span class='ocrx_word' id='word_1_129' title='bbox 692 2113 696 2122; x_wconf 90' lang='lat'>&#39;</span> <span class='ocrx_word' id='word_1_130' title='bbox 792 2113 995 2174; x_wconf 84' lang='lat' dir='ltr'>corticeverit</span> <span class='ocrx_word' id='word_1_131' title='bbox 1024 2124 1133 2188; x_wconf 80' lang='lat' dir='ltr'>(naua.</span> <span class='ocrx_word' id='word_1_132' title='bbox 1161 2110 1323 2196; x_wconf 85' lang='lat' dir='ltr'>leudardi)</span> 
     </span>
    </p>
   </div>
   <div class='ocr_carea' id='block_1_9' title="bbox 790 2194 1355 2362">
    <p class='ocr_par' dir='ltr' id='par_1_12' title="bbox 790 2194 1355 2362">
     <span class='ocr_line' id='line_1_24' title="bbox 790 2194 1355 2279; baseline 0.012 -27"><span class='ocrx_word' id='word_1_133' title='bbox 790 2195 888 2260; x_wconf 86' lang='lat' dir='ltr'><strong>CXX.</strong></span> <span class='ocrx_word' id='word_1_134' title='bbox 899 2194 973 2258; x_wconf 89' lang='lat' dir='ltr'>den.</span> <span class='ocrx_word' id='word_1_135' title='bbox 986 2196 1043 2279; x_wconf 90' lang='lat' dir='ltr'>qui</span> <span class='ocrx_word' id='word_1_136' title='bbox 1056 2195 1184 2257; x_wconf 87' lang='lat' dir='ltr'>faciunt</span> <span class='ocrx_word' id='word_1_137' title='bbox 1198 2197 1255 2262; x_wconf 92' lang='lat' dir='ltr'>sol.</span> <span class='ocrx_word' id='word_1_138' title='bbox 1264 2195 1321 2260; x_wconf 93' lang='lat' dir='ltr'>lll.</span> <span class='ocrx_word' id='word_1_139' title='bbox 1352 2225 1355 2232; x_wconf 89' lang='lat'>·</span> 
     </span>
     <span class='ocr_line' id='line_1_25' title="bbox 791 2276 960 2362; baseline 0.024 -25"><span class='ocrx_word' id='word_1_140' title='bbox 791 2276 877 2362; x_wconf 92' lang='lat' dir='ltr'>culp.</span> <span class='ocrx_word' id='word_1_141' title='bbox 894 2276 960 2342; x_wconf 90' lang='lat' dir='ltr'>iud.</span> 
     </span>
    </p>
   </div>
   <div class='ocr_carea' id='block_1_10' title="bbox 222 2413 1323 2657">
    <p class='ocr_par' dir='ltr' id='par_1_13' title="bbox 222 2413 1323 2657">
     <span class='ocr_line' id='line_1_26' title="bbox 222 2413 758 2560; baseline -0.021 -16"><span class='ocrx_word' id='word_1_142' title='bbox 222 2413 445 2547; x_wconf 81' lang='lat' dir='ltr'><strong>XXXVIII.</strong></span> <span class='ocrx_word' id='word_1_143' title='bbox 494 2466 553 2537; x_wconf 88' lang='lat' dir='ltr'>De</span> <span class='ocrx_word' id='word_1_144' title='bbox 579 2466 758 2560; x_wconf 84' lang='lat' dir='ltr'>plagiato-</span> 
     </span>
     <span class='ocr_line' id='line_1_27' title="bbox 434 2561 1323 2657; baseline -0.004 -21"><span class='ocrx_word' id='word_1_145' title='bbox 434 2563 545 2636; x_wconf 88' lang='lat' dir='ltr'>ribus.</span> <span class='ocrx_word' id='word_1_146' title='bbox 794 2561 933 2634; x_wconf 90' lang='lat' dir='ltr'><strong>LXIV.</strong></span> <span class='ocrx_word' id='word_1_147' title='bbox 984 2563 1042 2632; x_wconf 92' lang='lat' dir='ltr'>De</span> <span class='ocrx_word' id='word_1_148' title='bbox 1056 2563 1323 2657; x_wconf 84' lang='lat' dir='ltr'>Plagiatoribns.</span> 
     </span>
    </p>
   </div>
   <div class='ocr_carea' id='block_1_11' title="bbox 221 2725 1327 3257">
    <p class='ocr_par' dir='ltr' id='par_1_14' title="bbox 221 2725 1327 3125">
     <span class='ocr_line' id='line_1_28' title="bbox 265 2725 1327 2816; baseline -0.009 -20"><span class='ocrx_word' id='word_1_149' title='bbox 265 2734 300 2796; x_wconf 93' lang='grc' dir='ltr'>δί</span> <span class='ocrx_word' id='word_1_150' title='bbox 320 2727 559 2816; x_wconf 86' lang='lat' dir='ltr'>quismancipia</span> <span class='ocrx_word' id='word_1_151' title='bbox 574 2726 762 2788; x_wconf 90' lang='lat' dir='ltr'>alienasub·</span> <span class='ocrx_word' id='word_1_152' title='bbox 837 2726 871 2786; x_wconf 89' lang='lat' dir='ltr'>si</span> <span class='ocrx_word' id='word_1_153' title='bbox 891 2725 963 2806; x_wconf 89' lang='lat' dir='ltr'>quis</span> <span class='ocrx_word' id='word_1_154' title='bbox 982 2728 1179 2810; x_wconf 85' lang='lat' dir='ltr'>mancipium</span> <span class='ocrx_word' id='word_1_155' title='bbox 1194 2729 1327 2788; x_wconf 89' lang='lat' dir='ltr'>alienum</span> 
     </span>
     <span class='ocr_line' id='line_1_29' title="bbox 222 2809 1326 2890; baseline -0.01 -12"><span class='ocrx_word' id='word_1_156' title='bbox 222 2819 347 2878; x_wconf 82' lang='lat' dir='ltr'>licitare</span> <span class='ocrx_word' id='word_1_157' title='bbox 365 2812 503 2877; x_wconf 86' lang='lat' dir='ltr'>voluerit</span> <span class='ocrx_word' id='word_1_158' title='bbox 519 2819 551 2869; x_wconf 89' lang='lat' dir='ltr'>et</span> <span class='ocrx_word' id='word_1_159' title='bbox 570 2809 761 2890; x_wconf 86' lang='lat' dir='ltr'>adprobatus</span> <span class='ocrx_word' id='word_1_160' title='bbox 795 2809 1017 2870; x_wconf 80' lang='lat' dir='ltr'>sollicitaverit</span> <span class='ocrx_word' id='word_1_161' title='bbox 1036 2821 1143 2885; x_wconf 78' lang='lat' dir='ltr'>(naua.</span> <span class='ocrx_word' id='word_1_162' title='bbox 1160 2813 1326 2878; x_wconf 80' lang='lat' dir='ltr'>theclasinu</span> 
     </span>
     <span class='ocr_line' id='line_1_30' title="bbox 223 2890 1326 2975; baseline -0.005 -15"><span class='ocrx_word' id='word_1_163' title='bbox 223 2899 324 2960; x_wconf 88' lang='lat' dir='ltr'>fuerit</span> <span class='ocrx_word' id='word_1_164' title='bbox 352 2908 472 2970; x_wconf 78' lang='lat' dir='ltr'>(mauu.</span> <span class='ocrx_word' id='word_1_165' title='bbox 497 2892 656 2958; x_wconf 77' lang='lat' dir='ltr'>obsculta)</span> <span class='ocrx_word' id='word_1_166' title='bbox 687 2898 762 2950; x_wconf 90' lang='lat' dir='ltr'>sunt</span> <span class='ocrx_word' id='word_1_167' title='bbox 794 2891 862 2955; x_wconf 88' lang='lat' dir='ltr'>DC.</span> <span class='ocrx_word' id='word_1_168' title='bbox 882 2891 956 2956; x_wconf 89' lang='lat' dir='ltr'>den.</span> <span class='ocrx_word' id='word_1_169' title='bbox 978 2893 1034 2975; x_wconf 88' lang='lat' dir='ltr'>qui</span> <span class='ocrx_word' id='word_1_170' title='bbox 1052 2894 1180 2954; x_wconf 86' lang='lat' dir='ltr'>faciunt</span> <span class='ocrx_word' id='word_1_171' title='bbox 1193 2890 1326 2959; x_wconf 83' lang='lat' dir='ltr'>solXV.</span> 
     </span>
     <span class='ocr_line' id='line_1_31' title="bbox 223 2972 1272 3056; baseline -0.01 -14"><span class='ocrx_word' id='word_1_172' title='bbox 223 2981 289 3042; x_wconf 89' lang='lat' dir='ltr'>din.</span> <span class='ocrx_word' id='word_1_173' title='bbox 316 2980 383 3042; x_wconf 92' lang='lat' dir='ltr'>DC.</span> <span class='ocrx_word' id='word_1_174' title='bbox 407 2980 467 3042; x_wconf 86' lang='lat' dir='ltr'>fac.</span> <span class='ocrx_word' id='word_1_175' title='bbox 493 2975 552 3036; x_wconf 87' lang='lat' dir='ltr'>sol.</span> <span class='ocrx_word' id='word_1_176' title='bbox 583 2974 654 3037; x_wconf 91' lang='lat' dir='ltr'>XV.</span> <span class='ocrx_word' id='word_1_177' title='bbox 676 2972 761 3055; x_wconf 88' lang='lat' dir='ltr'>culp.</span> <span class='ocrx_word' id='word_1_178' title='bbox 796 2973 881 3056; x_wconf 90' lang='lat' dir='ltr'>culp.</span> <span class='ocrx_word' id='word_1_179' title='bbox 896 2973 963 3039; x_wconf 89' lang='lat' dir='ltr'>iud.</span> <span class='ocrx_word' id='word_1_180' title='bbox 1270 2981 1272 2989; x_wconf 64' lang='lat'><strong>⁴</strong></span> 
     </span>
     <span class='ocr_line' id='line_1_32' title="bbox 221 3059 394 3125; baseline -0.017 -2"><span class='ocrx_word' id='word_1_181' title='bbox 221 3059 394 3125; x_wconf 87' lang='lat' dir='ltr'>iudicetur.</span> 
     </span>
    </p>

    <p class='ocr_par' dir='ltr' id='par_1_15' title="bbox 244 3175 1128 3257">
     <span class='ocr_line' id='line_1_33' title="bbox 244 3175 1128 3257; baseline -0.008 -4"><span class='ocrx_word' id='word_1_182' title='bbox 244 3175 248 3184; x_wconf 67' lang='grc'><em>’</em></span> <span class='ocrx_word' id='word_1_183' title='bbox 899 3179 901 3186; x_wconf 85' lang='grc'><strong>’</strong></span> <span class='ocrx_word' id='word_1_184' title='bbox 1006 3175 1128 3257; x_wconf 82' lang='lat' dir='ltr'><strong>LXV,</strong></span> 
     </span>
    </p>
   </div>
   <div class='ocr_carea' id='block_1_12' title="bbox 216 3299 1327 4289">
    <p class='ocr_par' dir='ltr' id='par_1_16' title="bbox 221 3299 1327 3958">
     <span class='ocr_line' id='line_1_34' title="bbox 263 3299 1327 3384; baseline -0.002 -20"><span class='ocrx_word' id='word_1_185' title='bbox 263 3304 298 3368; x_wconf 88' lang='lat' dir='ltr'>Si</span> <span class='ocrx_word' id='word_1_186' title='bbox 315 3325 424 3372; x_wconf 85' lang='lat' dir='ltr'>servus</span> <span class='ocrx_word' id='word_1_187' title='bbox 450 3301 574 3362; x_wconf 90' lang='lat' dir='ltr'>alienus</span> <span class='ocrx_word' id='word_1_188' title='bbox 592 3299 760 3382; x_wconf 85' lang='lat' dir='ltr'>plagiatus‚</span> <span class='ocrx_word' id='word_1_189' title='bbox 835 3301 1327 3384; x_wconf 86' lang='lat' dir='ltr'>Siquisservusalienusfuratus</span> 
     </span>
     <span class='ocr_line' id='line_1_35' title="bbox 224 3382 1327 3470; baseline -0.005 -22"><span class='ocrx_word' id='word_1_190' title='bbox 224 3387 331 3470; x_wconf 83' lang='lat' dir='ltr'>etipse</span> <span class='ocrx_word' id='word_1_191' title='bbox 347 3397 537 3466; x_wconf 44' lang='lat' dir='ltr'>trans-mare</span> <span class='ocrx_word' id='word_1_192' title='bbox 558 3384 673 3464; x_wconf 85' lang='lat' dir='ltr'>ductus</span> <span class='ocrx_word' id='word_1_193' title='bbox 686 3382 760 3442; x_wconf 86' lang='lat' dir='ltr'>fue·</span> <span class='ocrx_word' id='word_1_194' title='bbox 794 3383 894 3444; x_wconf 80' lang='lat' dir='ltr'>fuerit</span> <span class='ocrx_word' id='word_1_195' title='bbox 905 3395 939 3445; x_wconf 89' lang='lat' dir='ltr'>et</span> <span class='ocrx_word' id='word_1_196' title='bbox 957 3385 1024 3467; x_wconf 92' lang='lat' dir='ltr'>ipse</span> <span class='ocrx_word' id='word_1_197' title='bbox 1044 3397 1219 3448; x_wconf 87' lang='lat' dir='ltr'>transmare</span> <span class='ocrx_word' id='word_1_198' title='bbox 1231 3385 1327 3446; x_wconf 83' lang='lat' dir='ltr'>fuerit</span> 
     </span>
     <span class='ocr_line' id='line_1_36' title="bbox 223 3465 1325 3530; baseline -0.005 0"><span class='ocrx_word' id='word_1_199' title='bbox 223 3469 267 3530; x_wconf 90' lang='lat' dir='ltr'>rit</span> <span class='ocrx_word' id='word_1_200' title='bbox 286 3479 318 3530; x_wconf 86' lang='lat' dir='ltr'>et</span> <span class='ocrx_word' id='word_1_201' title='bbox 345 3469 464 3528; x_wconf 85' lang='lat' dir='ltr'>ibidem</span> <span class='ocrx_word' id='word_1_202' title='bbox 486 3465 525 3525; x_wconf 87' lang='lat' dir='ltr'>ad</span> <span class='ocrx_word' id='word_1_203' title='bbox 548 3465 680 3526; x_wconf 88' lang='lat' dir='ltr'>domino</span> <span class='ocrx_word' id='word_1_204' title='bbox 702 3485 759 3524; x_wconf 87' lang='lat' dir='ltr'>suo</span> <span class='ocrx_word' id='word_1_205' title='bbox 794 3466 908 3528; x_wconf 86' lang='lat' dir='ltr'>duetus</span> <span class='ocrx_word' id='word_1_206' title='bbox 936 3477 969 3527; x_wconf 84' lang='lat' dir='ltr'>et</span> <span class='ocrx_word' id='word_1_207' title='bbox 999 3469 1120 3530; x_wconf 88' lang='lat' dir='ltr'>ibidem</span> <span class='ocrx_word' id='word_1_208' title='bbox 1153 3468 1325 3530; x_wconf 73' lang='lat' dir='ltr'>aldomiuo</span> 
     </span>
     <span class='ocr_line' id='line_1_37' title="bbox 222 3546 1325 3630; baseline -0.003 -19"><span class='ocrx_word' id='word_1_209' title='bbox 222 3553 372 3615; x_wconf 83' lang='lat' dir='ltr'>inventus</span> <span class='ocrx_word' id='word_1_210' title='bbox 396 3549 505 3623; x_wconf 88' lang='lat' dir='ltr'>fuerit,</span> <span class='ocrx_word' id='word_1_211' title='bbox 521 3549 607 3607; x_wconf 87' lang='lat' dir='ltr'>etad</span> <span class='ocrx_word' id='word_1_212' title='bbox 627 3546 759 3628; x_wconf 88' lang='lat' dir='ltr'>quoip-</span> <span class='ocrx_word' id='word_1_213' title='bbox 794 3569 851 3608; x_wconf 91' lang='lat' dir='ltr'>suo</span> <span class='ocrx_word' id='word_1_214' title='bbox 882 3560 1055 3630; x_wconf 84' lang='lat' dir='ltr'>perventus</span> <span class='ocrx_word' id='word_1_215' title='bbox 1086 3553 1185 3613; x_wconf 86' lang='lat' dir='ltr'>fuerit</span> <span class='ocrx_word' id='word_1_216' title='bbox 1208 3561 1239 3611; x_wconf 90' lang='lat' dir='ltr'>et</span> <span class='ocrx_word' id='word_1_217' title='bbox 1264 3550 1325 3630; x_wconf 89' lang='lat' dir='ltr'>ipse</span> 
     </span>
     <span class='ocr_line' id='line_1_38' title="bbox 222 3629 1325 3715; baseline -0.006 -20"><span class='ocrx_word' id='word_1_218' title='bbox 222 3655 256 3696; x_wconf 89' lang='lat' dir='ltr'>se</span> <span class='ocrx_word' id='word_1_219' title='bbox 288 3633 323 3693; x_wconf 93' lang='lat' dir='ltr'>in</span> <span class='ocrx_word' id='word_1_220' title='bbox 347 3633 449 3714; x_wconf 88' lang='lat' dir='ltr'>patria</span> <span class='ocrx_word' id='word_1_221' title='bbox 472 3630 629 3714; x_wconf 83' lang='lat' dir='ltr'>plegiatus</span> <span class='ocrx_word' id='word_1_222' title='bbox 648 3636 696 3688; x_wconf 92' lang='lat' dir='ltr'>est</span> <span class='ocrx_word' id='word_1_223' title='bbox 724 3629 759 3687; x_wconf 93' lang='lat' dir='ltr'>in</span> <span class='ocrx_word' id='word_1_224' title='bbox 792 3629 849 3711; x_wconf 91' lang='lat' dir='ltr'>qui</span> <span class='ocrx_word' id='word_1_225' title='bbox 872 3631 1032 3714; x_wconf 84' lang='lat' dir='ltr'>inputrie</span> <span class='ocrx_word' id='word_1_226' title='bbox 1055 3634 1159 3693; x_wconf 89' lang='lat' dir='ltr'>aliena</span> <span class='ocrx_word' id='word_1_227' title='bbox 1179 3635 1325 3715; x_wconf 86' lang='lat' dir='ltr'>plaeacu-</span> 
     </span>
     <span class='ocr_line' id='line_1_39' title="bbox 221 3709 1326 3799; baseline -0.006 -22"><span class='ocrx_word' id='word_1_228' title='bbox 221 3717 325 3778; x_wconf 49' lang='lat' dir='ltr'>mallo*</span> <span class='ocrx_word' id='word_1_229' title='bbox 338 3714 461 3799; x_wconf 90' lang='lat' dir='ltr'>publici</span> <span class='ocrx_word' id='word_1_230' title='bbox 476 3709 701 3786; x_wconf 85' lang='lat' dir='ltr'>nominaverit,</span> <span class='ocrx_word' id='word_1_231' title='bbox 728 3720 761 3771; x_wconf 88' lang='lat' dir='ltr'>et</span> <span class='ocrx_word' id='word_1_232' title='bbox 792 3711 890 3772; x_wconf 86' lang='lat' dir='ltr'>setin</span> <span class='ocrx_word' id='word_1_233' title='bbox 910 3714 1007 3774; x_wconf 90' lang='lat' dir='ltr'>mallo</span> <span class='ocrx_word' id='word_1_234' title='bbox 1027 3716 1158 3797; x_wconf 89' lang='lat' dir='ltr'>publico</span> <span class='ocrx_word' id='word_1_235' title='bbox 1182 3717 1326 3775; x_wconf 84' lang='lat' dir='ltr'>nomina-</span> 
     </span>
     <span class='ocr_line' id='line_1_40' title="bbox 221 3791 1326 3874; baseline -0.003 -17"><span class='ocrx_word' id='word_1_236' title='bbox 221 3798 346 3874; x_wconf 84' lang='lat' dir='ltr'>ibidem</span> <span class='ocrx_word' id='word_1_237' title='bbox 367 3806 463 3860; x_wconf 83' lang='lat' dir='ltr'>testes</span> <span class='ocrx_word' id='word_1_238' title='bbox 481 3795 571 3857; x_wconf 87' lang='lat' dir='ltr'>debit</span> <span class='ocrx_word' id='word_1_239' title='bbox 594 3791 759 3874; x_wconf 83' lang='lat' dir='ltr'>collegire.</span> <span class='ocrx_word' id='word_1_240' title='bbox 792 3794 876 3855; x_wconf 84' lang='lat' dir='ltr'>verit</span> <span class='ocrx_word' id='word_1_241' title='bbox 889 3803 921 3855; x_wconf 86' lang='lat' dir='ltr'>et</span> <span class='ocrx_word' id='word_1_242' title='bbox 937 3805 1000 3857; x_wconf 89' lang='lat' dir='ltr'>tres</span> <span class='ocrx_word' id='word_1_243' title='bbox 1019 3806 1113 3860; x_wconf 89' lang='lat' dir='ltr'>testes</span> <span class='ocrx_word' id='word_1_244' title='bbox 1130 3797 1252 3860; x_wconf 89' lang='lat' dir='ltr'>ibidem</span> <span class='ocrx_word' id='word_1_245' title='bbox 1264 3795 1326 3857; x_wconf 90' lang='lat' dir='ltr'>col-</span> 
     </span>
     <span class='ocr_line' id='line_1_41' title="bbox 245 3874 1011 3958; baseline 0.003 -22"><span class='ocrx_word' id='word_1_246' title='bbox 245 3921 247 3924; x_wconf 89' lang='grc'>-</span> <span class='ocrx_word' id='word_1_247' title='bbox 790 3874 892 3958; x_wconf 79' lang='lat' dir='ltr'>ligere</span> <span class='ocrx_word' id='word_1_248' title='bbox 907 3877 1011 3945; x_wconf 90' lang='lat' dir='ltr'>debet.</span> 
     </span>
    </p>

    <p class='ocr_par' dir='ltr' id='par_1_17' title="bbox 216 3955 1326 4289">
     <span class='ocr_line' id='line_1_42' title="bbox 261 3955 758 4034; baseline -0.01 -11"><span class='ocrx_word' id='word_1_249' title='bbox 261 3961 383 4023; x_wconf 88' lang='lat' dir='ltr'>Iterum</span> <span class='ocrx_word' id='word_1_250' title='bbox 408 3983 483 4022; x_wconf 89' lang='lat' dir='ltr'>cum</span> <span class='ocrx_word' id='word_1_251' title='bbox 508 3979 639 4034; x_wconf 85' lang='lat' dir='ltr'>servus,</span> <span class='ocrx_word' id='word_1_252' title='bbox 664 3956 691 4017; x_wconf 87' lang='lat' dir='ltr'>si</span> <span class='ocrx_word' id='word_1_253' title='bbox 717 3955 758 4018; x_wconf 86' lang='lat' dir='ltr'>de</span> 
     </span>
     <span class='ocr_line' id='line_1_43' title="bbox 216 4042 1326 4116; baseline -0.002 -12"><span class='ocrx_word' id='word_1_254' title='bbox 216 4052 394 4105; x_wconf 80' lang='lat' dir='ltr'>transmare</span> <span class='ocrx_word' id='word_1_255' title='bbox 416 4042 516 4103; x_wconf 84' lang='lat' dir='ltr'>fuerit</span> <span class='ocrx_word' id='word_1_256' title='bbox 557 4049 727 4103; x_wconf 86' lang='lat' dir='ltr'>revocatus</span> <span class='ocrx_word' id='word_1_257' title='bbox 748 4083 757 4116; x_wconf 92' lang='lat'>‚</span> <span class='ocrx_word' id='word_1_258' title='bbox 832 4045 956 4103; x_wconf 85' lang='lat' dir='ltr'>Iterum</span> <span class='ocrx_word' id='word_1_259' title='bbox 965 4065 1038 4104; x_wconf 89' lang='lat' dir='ltr'>oum</span> <span class='ocrx_word' id='word_1_260' title='bbox 1053 4065 1162 4107; x_wconf 82' lang='lat' dir='ltr'>servus</span> <span class='ocrx_word' id='word_1_261' title='bbox 1178 4044 1218 4104; x_wconf 86' lang='lat' dir='ltr'>de</span> <span class='ocrx_word' id='word_1_262' title='bbox 1231 4053 1326 4104; x_wconf 87' lang='lat' dir='ltr'>trans·</span> 
     </span>
     <span class='ocr_line' id='line_1_44' title="bbox 217 4122 1324 4188; baseline -0.005 -3"><span class='ocrx_word' id='word_1_263' title='bbox 217 4128 252 4186; x_wconf 89' lang='lat' dir='ltr'>in</span> <span class='ocrx_word' id='word_1_264' title='bbox 275 4128 412 4188; x_wconf 82' lang='lat' dir='ltr'>alterum</span> <span class='ocrx_word' id='word_1_265' title='bbox 434 4125 568 4185; x_wconf 89' lang='lat' dir='ltr'>mallum</span> <span class='ocrx_word' id='word_1_266' title='bbox 587 4122 676 4184; x_wconf 84' lang='lat' dir='ltr'>debit</span> <span class='ocrx_word' id='word_1_267' title='bbox 697 4143 758 4181; x_wconf 87' lang='lat' dir='ltr'>no·</span> <span class='ocrx_word' id='word_1_268' title='bbox 790 4143 877 4183; x_wconf 83' lang='lat' dir='ltr'>mare</span> <span class='ocrx_word' id='word_1_269' title='bbox 900 4126 1001 4186; x_wconf 82' lang='lat' dir='ltr'>fuerit</span> <span class='ocrx_word' id='word_1_270' title='bbox 1021 4138 1185 4188; x_wconf 84' lang='lat' dir='ltr'>revocatus</span> <span class='ocrx_word' id='word_1_271' title='bbox 1207 4125 1242 4185; x_wconf 90' lang='lat' dir='ltr'>iu</span> <span class='ocrx_word' id='word_1_272' title='bbox 1263 4124 1324 4182; x_wconf 89' lang='lat' dir='ltr'>alio</span> 
     </span>
     <span class='ocr_line' id='line_1_45' title="bbox 218 4203 1326 4289; baseline -0.005 -21"><span class='ocrx_word' id='word_1_273' title='bbox 218 4206 469 4289; x_wconf 84' lang='lat' dir='ltr'>minari‚ibidim</span> <span class='ocrx_word' id='word_1_274' title='bbox 486 4204 657 4270; x_wconf 78' lang='lat' dir='ltr'>siruelllI.¹</span> <span class='ocrx_word' id='word_1_275' title='bbox 667 4203 756 4268; x_wconf 89' lang='lat' dir='ltr'>testis</span> <span class='ocrx_word' id='word_1_276' title='bbox 789 4205 887 4267; x_wconf 87' lang='lat' dir='ltr'>mallo</span> <span class='ocrx_word' id='word_1_277' title='bbox 908 4207 1026 4270; x_wconf 87' lang='lat' dir='ltr'>iterum</span> <span class='ocrx_word' id='word_1_278' title='bbox 1045 4209 1210 4270; x_wconf 87' lang='lat' dir='ltr'>nominare</span> <span class='ocrx_word' id='word_1_279' title='bbox 1233 4206 1326 4268; x_wconf 86' lang='lat' dir='ltr'>debet</span> 
     </span>
    </p>
   </div>
   <div class='ocr_carea' id='block_1_13' title="bbox 0 0 1442 4992">
    <p class='ocr_par' dir='ltr' id='par_1_18' title="bbox 0 0 1442 4992">
     <span class='ocr_line' id='line_1_46' title="bbox 0 0 1442 4992; baseline 0 2"><span class='ocrx_word' id='word_1_280' title='bbox 0 0 1442 4992; x_wconf 95' lang='lat' dir='ltr'> </span> 
     </span>
    </p>
   </div>
  </div>
 </body>
</html>
