2876 4992
148 343 151 350 ’
185 298 275 406 asi·
461 349 562 406 mors
591 349 841 406 arruaaroaou
864 349 936 404 rrr.
962 350 1030 408 ux.

187 459 289 566 ticam
308 492 465 558 feminam
484 511 542 554 seu
561 489 715 552 baronem
738 490 777 551 dc
799 489 1022 553 mundeburde
1051 487 1218 555 Ecclesiae
1239 495 1300 556 ab·

190 579 327 656 etulerit.
351 575 515 660 sexaginta
537 572 647 634 solidis
682 572 852 656 culpabilis
872 573 1041 651 iudicetur,
1073 584 1105 634 et
1132 575 1303 636 nihilomi-

190 683 250 722 nus
273 660 436 743 generatio
458 677 570 718 eorum
590 656 907 718 ad'mundeburdcm
930 657 1027 739 Regis
1056 678 1113 718 scu
1133 658 1302 722 Ecclesiae

82 816 84 825 Ι
190 753 375 810 revertatur.

214 821 217 831 ’
270 827 359 889 XIV.
402 823 435 884 Si
458 833 564 884 autem
584 820 752 904 Ripuarius
782 821 933 882 ancillam
961 822 1055 904 Regis
1085 845 1142 885 seu
1171 825 1305 886 ecclesi·

193 909 334 985 usticam,
358 908 409 970 vel
432 905 585 966 ancillam
606 903 795 966 tabularium
817 905 878 966 sibi
900 904 1088 984 sociaverit,
1125 929 1191 967 non
1220 907 1302 990 ipsc,

193 993 251 1054 sed
293 989 449 1052 rocreatio
472 989 540 1049 eius
563 987 689 1053 serviat,

194 1099 196 1106 ·
304 1075 344 1137 V.
387 1073 420 1133 Si
442 1081 549 1132 autem
570 1069 740 1152 Ripuarius
761 1069 912 1131 ancillam
935 1069 1079 1152 Ripuarii
1109 1081 1145 1145 a)
1165 1071 1199 1130 In
1231 1095 1303 1132 ma-

190 1155 379 1218 trimonium
402 1153 578 1236 acceperitj
602 1153 668 1246 ipse
692 1175 766 1212 cum
788 1175 825 1214 ea
847 1152 879 1211 in
903 1152 1030 1214 servitio
1053 1163 1244 1236 perseveret.

274 1240 362 1305 XVI.
394 1237 550 1300 Similiter
558 1244 589 1294 et
599 1257 625 1296 si
636 1234 786 1318 Ripuaria
801 1235 998 1316 hocfecerit,
1011 1236 1079 1318 ipsa
1094 1245 1125 1298 ct
1135 1238 1301 1321 generatio

192 1319 260 1382 eius
274 1321 308 1384 in
325 1320 452 1384 servitio
470 1327 693 1402 perseverent..

276 1405 381 1466 XVII.
423 1403 457 1462 si
471 1411 578 1462 autem
592 1401 751 1484 ingenuus
766 1421 839 1462 cum
856 1403 976 1464 ancilla
991 1405 1177 1465 moechatus
1189 1404 1300 1481 fuerit,

191 1483 498 1568 quindecimsolidis
513 1483 860 1566 culpabilisiudioetur.
891 1487 924 1546 Si
942 1497 1048 1548 autem
1067 1487 1303 1549 servushocse-

200 1569 298 1648 cent,
320 1569 421 1629 tribus
435 1565 544 1628 solidis
557 1566 725 1648 culpabilis
737 1567 916 1644 iudicetur,
939 1573 1005 1646 (aut
1019 1579 1175 1630 castretur
1191 1575 1228 1648 ν).
1259 1583 1262 1588 ·

277 1649 404 1714 XVIII.
447 1649 543 1728 Quod
565 1650 590 1709 si
621 1650 761 1732 ingenua
782 1650 934 1732 Ripuaria
956 1673 1083 1714 servum
1111 1651 1301 1734 Ripuarium

192 1743 301 1796 secuta
315 1735 423 1811 fuerit,
442 1741 474 1793 et
490 1741 638 1813 parentes
656 1732 725 1792 eius
739 1733 803 1795 hoc
825 1735 1044 1795 contradicere
1063 1735 1226 1796 voluerint
1241 1741 1300 1813 w),

191 1817 344 1877 offeratur
373 1815 404 1876 ei
431 1839 449 1876 a
478 1815 564 1898 Rege
592 1837 648 1875 seu
681 1838 699 1874 a
729 1815 854 1876 Comite
887 1825 974 1898 spata
1003 1827 1035 1878 et
1064 1818 1223 1879 conucula
1253 1821 1302 1894 x).

193 1900 293 1979 Quod
324 1899 349 1960 si
380 1908 501 1982 spatam
530 1898 717 1979 acceperit,
751 1917 877 1959 servum
903 1897 1083 1964 interficiat.
1132 1899 1166 1959 Si
1194 1909 1302 1962 autem

192 1982 402 2060 conuculam‚
426 1981 459 2042 in
484 1979 611 2042 servitio
635 1991 825 2061 perseveret.

272 2067 360 2126 XIX.
405 2065 473 2126 Hoc
495 2062 591 2122 etiam
613 2062 845 2141 constituimus,
867 2071 902 2123 ut
923 2065 1062 2142 (nullum
1076 2068 1113 2142 y)
1134 2067 1301 2128 hominem

192 2146 337 2230 regium,
370 2149 550 2208 Romanum
571 2146 622 2205 vel
642 2145 834 2206 tabularium
856 2147 1099 2228 interpellatum
1120 2148 1153 2209 in
1180 2151 1300 2211 iudicio

194 2252 260 2292 non
281 2233 484 2312 tanganetz)‚
509 2238 541 2288 et
557 2247 621 2296 *nec
642 2229 778 2292 alsacoia
800 2233 830 2306 a)
851 2229 1000 2310 requirat.
1042 2231 1130 2291 Etsi
1151 2233 1183 2292 in
1206 2254 1298 2315 prae·

193 2321 285 2377 sente
309 2312 449 2394 legitime
472 2311 617 2372 mallatus
638 2311 745 2386 fuerit,
768 2333 804 2372 ca
818 2311 913 2372 verba
927 2324 1166 2394 commemoret,
1189 2324 1298 2380 etnon

194 2396 224 2457 ei
245 2394 327 2454 sicut
349 2394 501 2475 Ripuario
522 2403 595 2454 ante
617 2395 718 2453 altare
738 2394 834 2460 verba
856 2403 1094 2463 commemoret.

272 2479 345 2546 XX.
387 2476 477 2538 servi
496 2486 603 2538 autem
623 2476 718 2558 Regis
739 2478 790 2538 vel
813 2476 1030 2537 E'cclesiarum
1051 2499 1117 2537 uon
1137 2501 1197 2562 per
1212 2490 1301 2540 acto·

191 2583 244 2624 res
265 2561 312 2638 b),
349 2561 406 2622 sed
437 2557 500 2641 ipsi
520 2581 577 2643 pro
599 2558 775 2641 semetipsis
796 2559 830 2618 in
860 2559 981 2620 iudicio
1011 2558 1246 2644 respondeant,
1268 2570 1302 2624 et

190 2653 397 2720 sacramenta,
410 2647 436 2720 c)
458 2641 577 2724 absque
598 2651 737 2724 tangano
759 2642 938 2703 conIurent.
1141 2641 1143 2648 ’

185 2767 196 2796 ae
275 2727 364 2789 XXI.
410 2725 444 2786 Si
466 2735 574 2784 autem
596 2723 693 2784 homo
713 2725 819 2807 regius
841 2725 965 2786 homini
986 2725 1303 2808 fregioveleocle-

190 2812 331 2878 siastico.
344 2816 543 2872 sacramento
564 2807 660 2868 Iidem
680 2807 812 2884 feccrit,
835 2829 932 2890 super
952 2818 1074 2890 septem
1096 2819 1206 2870 noctes
1229 2831 1304 2873 con-

191 2895 293 2960 iuret:
334 2894 360 2954 si
381 2891 553 2974 Ripuario,
592 2909 689 2972 super
715 2890 958 2972 quatuordecim
988 2899 1107 2957 noctes.
1150 2887 1303 2956 Similiter

192 2986 224 3040 at
244 2975 416 3059 Ripuarius
438 2974 469 3034 ei
489 2973 597 3033 faciat.
932 2991 937 3008 ⁸

368 3117 458 3189 Tm.
485 3113 587 3189 LIX.
626 3112 723 3209 (61.)
766 3117 824 3184 De
851 3118 1128 3189 venditionibus.

200 3314 202 3318 ,
235 3247 261 3310 Ι.
285 3247 319 3308 Si
340 3233 412 3331 quIs
434 3245 526 3304 alteri
548 3244 673 3325 aliquid
694 3245 875 3305 vendiderit
897 3255 929 3306 et
956 3255 1059 3310 emtor
1077 3255 1302 3309 testamentum

83 3350 91 3361 ·
191 3329 387 3392 venditionis
408 3327 553 3408 accipere
569 3326 705 3387 voluerit
722 3327 766 3404 d),
782 3327 815 3385 in
838 3329 935 3388 mallo
949 3329 1010 3387 hoc
1023 3330 1128 3391 facere
1144 3330 1252 3409 dehet„
1271 3341 1302 3394 ct

192 3412 330 3496 pretium
352 3409 385 3469 in
407 3420 572 3491 praesente
593 3409 707 3485 tradat,
725 3418 757 3468 et
775 3430 843 3469 rem
865 3409 1008 3492 accipiat,
1026 3420 1058 3470 et
1077 3421 1302 3475 testamentum

191 3496 320 3578 publice
344 3493 570 3558 conscribatur.
601 3493 697 3569 Quod
718 3491 744 3552 si
766 3515 859 3574 parva
880 3513 929 3552 res
951 3493 1056 3577 inerit,
1079 3505 1202 3578 septem
1212 3496 1303 3558 testi·

192 3579 251 3640 bus
272 3578 434 3638 firmetur=
465 3574 490 3640 si
513 3585 619 3672 autem
640 3596 772 3660 magna,
795 3574 965 3638 duodecim
986 3575 1164 3641 roboretur.
1237 3655 1240 3659 4

262 3753 294 3821 a)
311 3751 431 3806 Siohard.
455 3753 588 3804 ancillam
614 3750 783 3802 Riboariam.
856 3751 882 3824 v)
909 3752 1016 3803 Desunt
1037 3751 1066 3802 in
1091 3745 1160 3804 edit.
1190 3751 1300 3806 IIcrold'

192 3823 230 3889 w)
248 3823 384 3889 Godlieg.
395 3828 531 3890 'frangere
551 3821 699 3874 voluerint.
735 3819 861 3872 Corbion.
877 3822 1044 3891 refrigerare
1061 3823 1212 3876 noluerint.
1268 3823 1303 3889 a)

192 3893 319 3947 corbion.
336 3893 464 3946 comaclo.
502 3891 593 3944 Guelf.
619 3893 759 3942 cunicula.
799 3889 879 3943 Goth.
909 3891 1036 3958 corzugla.
1075 3891 1125 3941 Til.
1156 3895 1302 3945 comicuto.

188 3963 226 4031 J)
240 3967 324 4017 Deest
340 3962 487 4018 tnsflerold.
499 3969 527 4014 et
545 3960 620 4016 Lind.
664 3959 691 4028 z)
709 3961 817 4013 IIerold.
830 3974 966 4028 tangeret.
1004 3958 1034 4030 a)
1052 3958 1176 4012 corbion,
1187 3964 1302 4014 alsatia

193 4035 287 4098 Gnatis
305 4031 424 4088 adsiev'ae.
442 4032 497 4085 Til.
516 4039 543 4084 et
560 4029 635 4082 Lind.
651 4031 766 4084 alsacia.
838 4030 865 4097 b)
884 4030 949 4081 Cod.
969 4029 1029 4096 Reg.
1048 4031 1303 4094 Sangallcorbion.

187 4104 293 4159 omit.
310 4105 389 4156 Servi
406 4115 497 4158 autem
511 4103 591 4170 Regis
604 4101 796 4154 Ecclesiarum
811 4117 868 4150 non
883 4113 1018 4152 auctores.
1057 4099 1132 4152 Lind.
1159 4102 1238 4154 Servi
1252 4117 1305 4154 aa·

193 4173 445 4234 remEcakesioruuz
461 4185 519 4226 uon
523 4190 574 4240 per
581 4183 697 4224 actores.
721 4171 784 4222 Met.
796 4170 874 4220 Servi
880 4183 970 4220 autem
977 4171 1058 4237 Regis
1071 4171 1112 4222 vel
1124 4171 1305 4224 ecclesiarum

195 4255 386 4308 aronlacteres.
423 4242 535 4294 Herold.
559 4242 637 4295 Serui
669 4252 760 4292 aretem
782 4240 862 4306 Regis
886 4237 1076 4294 Ecclesiuram
1099 4259 1156 4293 raon
1186 4255 1307 4310 actores.

196 4311 350 4379 elllorold.
368 4323 550 4363 sacramento.
622 4308 654 4379 d)
671 4308 938 4368 iterolannotuerir.
1298 4315 1305 4330 ”
