2876 4992
493 314 918 385 sneiunrerscffltrent
1174 283 1277 412 lli

160 464 371 554 inculparetur
388 469 443 531 ant
458 468 499 530 nd
512 475 631 532 sortem
643 474 700 530 aut
728 479 825 527 cause
835 455 1040 532 centenariis
1052 458 1279 555 nultl'lleliffitlil

158 553 353 638 edplevinm
368 557 700 636 promoveantur,aut
730 546 888 632 requirat.
1117 553 1121 564 ‘
1249 551 1277 581 ⁵²⁶

157 637 228 721 ipsc
255 644 310 697 aut
331 634 478 720 precium
504 634 699 696 reformetur

157 719 305 804 probatio
318 761 329 800 ,
370 716 552 804 periculum
588 718 699 780 subia-
769 707 845 778 Peri
869 709 1055 778 conditione
1070 713 1279 811 eonvenituss

158 803 263 866 ciunt.
729 794 758 858 si
780 805 918 858 centena
945 799 1050 878 posita
1078 801 1114 862 in
1141 803 1278 888 vestigia?

324 910 545 992 LXXXIV·
730 878 767 942 iu
786 877 848 940 alin
868 888 1007 950 centena
1022 888 1280 972 authuneufleeg

583 1038 585 1042 ι
730 961 814 1024 lium
843 969 1026 1024 nestrorum
1058 964 1183 1050 ipsum'
1201 963 1281 1033 veir-

200 1048 327 1132 Siquis
348 1049 513 1133 quodlibit
530 1047 572 1112 de
586 1055 702 1134 poten*
730 1043 847 1128 ligium
863 1043 995 1141 miserit
1008 1053 1041 1108 et
1059 1069 1134 1110 eum
1151 1052 1193 1114 ed
1210 1053 1276 1116 aliu

159 1133 201 1196 tis
219 1154 279 1216 prn
296 1155 354 1194 sun
374 1154 467 1196 servo
485 1132 700 1210 admouiatnr,
731 1136 869 1190 centena
885 1140 1019 1191 mraxime
1037 1134 1202 1214 expellere
1217 1155 1277 1217 pn«

159 1226 198 1278 ut
210 1236 269 1301 per
284 1215 409 1277 diversa
427 1216 602 1297 possedeat
616 1217 699 1294 inca,
731 1207 834 1271 tuerit
864 1219 921 1270 aut
956 1209 1126 1278 convietus
1158 1219 1276 1282 reddat

159 1299 201 1362 de
227 1298 361 1360 crimine
384 1291 504 1361 habere
532 1309 700 1381 susceptus
729 1292 889 1355 latronem
907 1301 963 1354 aut
979 1295 1115 1378 capitale
1129 1299 1169 1361 de
1184 1321 1277 1384 prae«

157 1380 292 1460 domiue
327 1381 480 1443 senricius
505 1403 578 1443 cum
606 1381 698 1444 testi·
712 1452 716 1457 .
728 1383 820 1437 sente
835 1375 952 1438 reddat
965 1384 999 1438 et
1015 1399 1090 1440 eum
1101 1380 1276 1448 duodecim

158 1457 220 1527 laus
236 1463 448 1542 numdicatur,
471 1473 507 1524 at
529 1465 612 1527 intra
623 1463 699 1526 XV.
729 1477 882 1541 perennes
898 1478 933 1522 se
948 1479 990 1522 ex
1007 1459 1072 1524 hnc
1087 1463 1278 1530 Sacramew·

160 1558 271 1608 unctes
283 1545 388 1630 ipsum
399 1556 473 1609 ante
486 1546 628 1610 iudicem
640 1546 701 1608 de·
729 1550 766 1602 tn
785 1549 894 1606 exuat.

157 1631 228 1694 hiat
245 1638 470 1711 praesentare,
492 1631 582 1711 quod
603 1631 630 1693 si
651 1630 700 1690 in·

158 1718 210 1788 tra
233 1710 387 1784 'statutum
410 1720 536 1794 tempus
562 1713 701 1776 interne·
770 1703 1273 1792 Si·qninnervue.enclesinstieue

159 1795 291 1858 (lentem
329 1794 537 1856 concludium
564 1816 630 1856 nnn
667 1793 698 1856 ei
730 1787 875 1852 autlisnn
894 1791 1018 1856 lurtum
1035 1793 1275 1864 admiseeritci-

157 1877 275 1940 fecerit
302 1876 365 1964 ipsi
395 1877 543 1940 dominus
565 1887 699 1941 statutus
729 1870 808 1935 mlle
830 1893 937 1955 pneua
952 1874 1109 1940 sustinent
1130 1878 1221 1945 sient>
1240 1891 1275 1948 et

159 1961 210 2024 eni
231 1959 314 2021 iusta
334 1960 428 2023 mode
455 1960 504 2022 sui
526 1962 622 2045 culpe
646 1961 701 2023 iu·
729 1953 933 2040 reliquorum
951 1959 1148 2032 franeorum.

158 2053 210 2106 ter
225 2043 346 2104 fretum
368 2052 401 2104 et
426 2043 540 2104 feitum
560 2065 702 2127 conpen-

159 2137 266 2203 setar,
285 2134 478 2188 servantum
501 2127 701 2190 admonitum

159 2208 293 2272 domiue
322 2207 487 2288 deluerit,
530 2211 701 2294 capitalem

157 2289 311 2354 dominun
325 2291 471 2354 restituat
483 2300 514 2354 et
523 2292 563 2355 de
571 2315 702 2357 servum

159 2370 311 2436 dominus
332 2373 429 2436 faciat
451 2375 630 2439 cessionem
651 2375 703 2438 lu·-

158 2465 269 2518 turum
286 2463 318 2519 et
331 2476 406 2516 eum
419 2457 572 2522 inventes
587 2459 699 2538 luerit,

158 2539 455 2606 deturviadictam.
726 2555 729 2560 ’

331 2692 534 2770 LXXXV·

199 2815 234 2885 Si
261 2821 334 2907 quie
366 2825 492 2888 occulte
525 2846 594 2886 rem
628 2825 697 2888 site
727 2867 728 2870 =

157 2906 420 2988 nnnpnsicionem
453 2917 484 2969 nt
517 2908 698 2992 quemlibet

155 2987 316 3049 latronem
356 2990 531 3074 acciperet,
568 3001 608 3052 ut
645 3011 696 3052 res

155 3091 255 3152 quem
277 3072 411 3134 latronis
440 3074 568 3157 culpam
587 3073 696 3134 subie-

156 3162 245 3231 ceat,
275 3156 364 3216 fures
392 3163 498 3217 tamen
533 3156 694 3218 iudicibus

154 3246 386 3317 praesentetur.
417 3239 533 3300 Nullus
548 3238 695 3318 latronis,

155 3326 193 3377 ut
222 3320 400 3401 quemlibet
423 3322 616 3404 culpabilem
642 3341 696 3381 nc-

152 3400 279 3462 nultare
299 3413 470 3486 presumat.
519 3401 582 3466 Cui
610 3401 636 3464 si
659 3401 696 3462 fi·

154 3484 258 3563 uerit,
295 3485 410 3548 similis
437 3483 488 3548 illi
532 3486 694 3549 subiaceat

151 3565 279 3652 eulpae.

311 3663 532 3796 Lxxrvr

190 3857 308 3930 Nullus
337 3867 517 3950 quemlibet
550 3865 693 3952 culpabi

149 3941 233 4024 lem,
255 3949 421 4012 sicutcum
433 3950 600 4034 Episcopis
616 3975 692 4015 cona

148 4030 260 4109 venit,
282 4033 322 4094 de
348 4034 430 4095 atrin
450 4035 605 4098 eeclesiae
630 4057 690 4096 ex·

148 4109 277 4177 trahere
310 4116 560 4199 praesumserit,
595 4139 691 4180 cano·

148 4189 245 4278 uilius
272 4196 432 4278 ferietur,
454 4189 544 4281 quod
566 4197 594 4260 si
613 4208 690 4260 eunt
806 4248 813 4262 ,

148 4275 305 4344 ecclesiae
314 4326 325 4362 ,
335 4297 473 4366 quorum
487 4282 612 4346 clausae
622 4296 688 4344 nnn

1173 626 1199 660 ¹⁸,
1227 606 1278 663 :alr
