2826 4998
452 329 555 384 πῶς
574 331 721 385 sinete
740 332 813 414 m.
831 333 890 392 xx.
1176 323 1224 395 31-

101 464 175 548 qui
199 464 328 531 ficiunt
341 467 432 533 solid.
448 467 523 535 XV.
540 471 710 556 culpabilis
737 472 820 534 verit
846 472 898 536 vei
930 468 1131 558 incenderit,
1159 483 1227 545 DC.

102 547 296 614 iudicetur.
738 557 812 622 den,
836 555 892 636 qui
921 556 1046 619 faciunt
1071 564 1129 629 sol.
1152 565 1227 629 XV.

155 631 224 693 XI.
249 633 284 693 si
300 631 371 714 quis
388 654 465 694 vero
485 633 633 712 cuncida,
654 634 708 696 vel
738 638 823 722 culp.
838 638 904 705 iud.

100 735 194 794 sepe
224 715 422 786 incenderit.
447 727 461 783 ί
471 736 560 781 Mite,
581 718 657 777 Bica
673 722 707 796 a)

99 797 182 861 DC.
198 797 274 858 den.
291 796 346 878 qui
362 798 487 859 faciunt
500 799 617 861 solidos
632 799 708 862 XV.

102 879 290 962 culpabilis
308 879 479 945 iudicetur.
505 925 506 934 .

140 1028 246 1098 TIT.
265 1030 352 1099 XX.
369 1030 427 1102 De
447 1031 683 1110 Vulneribus.
737 983 827 1054 Tm
856 987 964 1059 XIX·
1012 989 1070 1062 De
1093 996 1227 1070 Vulne-

923 1089 1032 1158 ribus.

154 1191 185 1254 I.
209 1192 243 1252 Si
258 1192 329 1275 quis
347 1195 482 1255 alterum
500 1195 638 1256 voluerit
656 1218 707 1258 oe·
775 1200 802 1264 I.
824 1202 1227 1287 Siquisvolueritalterum
1277 1191 1281 1198 .

105 1274 244 1352 cidere,
268 1277 706 1360 eteolpuspraetersallierit‚
736 1285 902 1366 occidere,
933 1299 965 1350 et
994 1294 1106 1376 colpus
1133 1308 1174 1371 c)
1195 1302 1226 1362 ei

104 1367 233 1432 [utet.
264 1381 318 1420 see
351 1367 572 1431 LARDOVEVAs]
601 1363 706 1444 MMD.
734 1368 884 1446 fallierit,
900 1374 952 1432 vel
968 1396 1041 1434 cum
1057 1381 1167 1461 sagitta
1179 1393 1227 1443 to·

105 1439 193 1504 den.
213 1440 271 1520 qui
288 1441 412 1506 faciunt
426 1441 483 1506 sol.
499 1443 597 1508 LXII.
613 1453 644 1502 et
661 1443 707 1504 di·
735 1451 838 1511 xicata
853 1473 927 1512 eum
937 1467 1103 1536 percutere
1118 1465 1227 1526 volae.

103 1521 275 1601 midium‚
297 1522 465 1608 culpabilis
482 1523 654 1591 iudicetur.
733 1533 791 1609 rit,
805 1541 839 1593 et
856 1535 886 1595 ei
902 1535 985 1598 ictus
996 1541 1140 1621 fallierit,
1151 1549 1225 1606 IID.

734 1615 807 1676 den.
824 1617 881 1697 qui
901 1619 1024 1680 faciunt
1043 1625 1100 1685 sol.
1120 1617 1235 1695 LXII.

734 1697 764 1758 S.
783 1699 951 1779 culpabilis
972 1703 1141 1770 iudicetur.

154 1769 205 1831 II.
223 1770 258 1830 Si
282 1771 354 1854 quis
379 1771 515 1833 alterum
534 1770 573 1834 de
592 1770 705 1856 sagitta
773 1779 818 1840 li.
841 1782 875 1840 Si
903 1785 975 1865 quis
998 1785 1161 1850 hominem
1189 1791 1224 1853 in

107 1853 257 1914 toxicata
284 1863 452 1937 percutere
477 1855 637 1933 voluerit,
666 1856 706 1916 si·
722 1861 835 1944 eapite
848 1864 891 1923 ita
899 1867 1094 1949 plagaverit,
1109 1882 1144 1932 ut
1154 1895 1225 1934 san.

105 1935 239 1996 militer
261 1939 383 2009 (MALB.)
407 1947 440 1997 et
463 1958 590 1998 causam
613 1958 705 2021 supe·
734 1946 803 2027 guis
823 1946 862 2006 ad
879 1956 995 2010 terram
1018 1954 1129 2031 eadat,
1151 1955 1221 2018 DC.

105 2017 185 2082 rius
205 2019 356 2080 convenit
376 2020 555 2085 observare.
733 2029 806 2091 den.
833 2029 890 2108 qui
918 2033 1043 2096 faciunt
1065 2037 1123 2102 sol.
1150 2037 1222 2100 XV.

734 2110 819 2194 culp.
836 2111 903 2178 iud.

155 2179 218 2242 Ili.
240 2181 274 2242 Si
293 2181 365 2264 quis
379 2181 542 2244 hominem
559 2185 705 2267 plagave-

107 2261 176 2340 rit,
201 2273 234 2324 et
253 2266 380 2346 sanguis
403 2265 442 2326 ad
463 2273 578 2326 terram
599 2269 703 2346 cadit,

107 2355 146 2407 et
166 2345 198 2405 ei
223 2347 322 2406 fuerit
343 2348 572 2427 adprobatum,
594 2362 704 2415 (Mtte.

111 2427 291 2508 Charfrido
310 2429 339 2505 h)
349 2431 415 2489 DC.
426 2429 499 2494 den.
511 2432 567 2513 qui
579 2431 704 2492 faciunt

110 2508 211 2570 solid.
225 2509 295 2573 XV.
311 2511 477 2590 culpabitis
492 2512 663 2576 iudicetur.

155 2592 216 2655 IV.
238 2591 355 2673 Siquis
371 2592 533 2654 hominem
549 2596 581 2654 in
601 2597 703 2678 capite
772 2589 834 2658 ΙΙΙ.
856 2595 890 2656 si
910 2597 982 2680 quis
1003 2597 1167 2664 hominem
1182 2606 1217 2666 in

109 2673 311 2757 plagaverit,
341 2685 372 2735 et
396 2675 512 2735 exinde
532 2699 599 2738 ossa
620 2679 705 2740 exie·
731 2674 833 2754 capite
844 2677 885 2737 ita
894 2681 1085 2762 plagaverit,
1101 2695 1136 2745 ut
1145 2687 1220 2750 inde

110 2756 195 2832 rint,
209 2764 313 2828 (Mtte.
326 2755 616 2836 CharsridoiMCC.
629 2761 702 2821 den.
729 2758 791 2815 tria
809 2779 876 2819 osse
897 2773 1029 2840 exeant,
1048 2768 1128 2826 ICC.
1144 2769 1218 2830 den.

112 2837 175 2918 qui
193 2838 317 2898 faciunt
335 2839 425 2902 solid.
443 2840 546 2905 XXX.
562 2842 703 2924 culpabi·
729 2839 785 2919 qui
796 2840 921 2903 faciunt
938 2846 995 2906 soi.
1013 2846 1116 2908 XXX.
1134 2851 1220 2934 culp.

15 2925 19 2932 ⁴
110 2921 155 2983 lis
175 2919 344 3016 iudieetur.
730 2921 828 2982 iudic.

156 3000 199 3062 V.
222 3003 255 3062 St
270 3003 341 3088 quis
357 2999 521 3063 hominem
535 3003 578 3064 ita
592 3004 700 3087 plaga·
769 3001 827 3064 tv.
849 3005 974 3086 Siquis
996 3008 1161 3077 hominem
1183 3018 1218 3080 in

113 3086 219 3162 verit,
241 3095 277 3146 ut
296 3084 462 3146 cerebrum
482 3095 646 3169 appareat,
669 3097 701 3147 et
728 3086 830 3168 eapite
842 3087 884 3147 ita
898 3091 1093 3172 plagaverit,
1117 3087 1220 3162 ut'ce-

112 3169 179 3230 tria
204 3189 272 3228 ossa
297 3167 434 3247 desuper
459 3170 590 3230 cerebro
616 3169 701 3230 exie·
727 3170 1022 3252 rebrumappareat,
1036 3188 1068 3238 et
1079 3181 1219 3244 triaossa

111 3249 183 3310 rint
197 3267 300 3320 (Mtte.
310 3249 533 3330 Audeafenus)
546 3252 700 3314 MDCCC.
728 3252 866 3332 desuper
878 3255 1044 3318 cerebrum
1058 3261 1216 3344 exierint,

112 3333 190 3396 den.
202 3333 258 3412 qui
271 3333 403 3394 faciunt.
419 3333 510 3398 solid.
523 3335 619 3396 XLV.
634 3335 700 3394 cul·
727 3335 838 3399 IDCC.
857 3335 929 3397 den.
945 3339 1001 3418 qui
1017 3343 1141 3406 faciunt
1157 3348 1216 3410 sol.

109 3414 230 3498 pabilis
247 3414 416 3475 iudicetur.
584 3455 588 3458 -
727 3415 829 3477 XLV.
850 3418 934 3498 culp.
958 3421 1024 3484 iud.

156 3496 214 3558 Vl.
236 3497 270 3556 si
291 3497 580 3558 verointracostes
600 3495 697 3556 autin
768 3499 807 3564 V.
829 3499 863 3560 Si
891 3520 968 3560 vero
1003 3503 1089 3568 intra
1115 3519 1216 3574 costas

110 3587 277 3656 ventrem,
299 3579 341 3639 ita
361 3587 396 3638 ut
419 3579 537 3640 vuinus
557 3579 596 3638 ad
619 3579 701 3640 inte·
726 3580 845 3642 vulnus
867 3581 1034 3647 intraverit
1056 3599 1088 3649 et
1113 3614 1215 3676 usque

110 3680 212 3721 renea
222 3662 420 3744 pervenerit,
442 3671 475 3722 et
487 3681 612 3744 semper
623 3683 699 3722 cur·
727 3664 766 3723 ad
799 3663 938 3722 intrania
962 3665 1005 3740 d)
1029 3677 1216 3751 pervenerit

110 3751 181 3819 rat,
204 3754 237 3804 et
253 3765 316 3804 non
333 3752 442 3816 sanat,
462 3742 568 3828 (nien.
584 3744 698 3804 Friob-
726 3747 808 3808 ICC.
829 3745 902 3805 den.
931 3747 987 3826 qui
1008 3750 1133 3818 faciunt
1155 3759 1214 3822 sol.

110 3825 203 3896 litto]
222 3828 326 3886 MMD.
344 3825 417 3886 den.
435 3824 491 3906 qui
511 3826 634 3888 faciunt
651 3847 700 3886 so·
726 3827 829 3888 XXX.
847 3826 932 3912 culp.
951 3828 1017 3891 iud.

109 3904 170 3970 lid,
186 3909 284 3968 LXII.
299 3929 373 3967 eum
390 3907 545 3985 dimidio,
566 3910 698 3988 excepta

109 3989 309 4050 medicatum
318 4035 328 4068 ‚
341 4009 399 4073 pro
414 4012 478 4074 qua
486 3989 577 4053 solid.
591 3991 696 4057 Villi.

111 4133 470 4150 fi———nnn—

181 4189 268 4256 a)1n
286 4172 363 4257 merg.
385 4181 479 4251 licha,
513 4173 632 4260 biggeo.¹
689 4187 773 4254 b)1n
799 4207 878 4259 marg.
904 4193 1038 4250 leodardi.
1110 4197 1212 4270 0112.

108 4257 187 4326 liga.
203 4258 340 4328 colapium.
376 4261 462 4326 Closs.
481 4261 561 4328 ictus.
613 4257 646 4330 d)
663 4261 754 4317 Baluz.
774 4262 912 4320 intranea.
