2900 5020
442 250 611 308 umcrnu
628 243 993 339 retournreraners·
1210 228 1283 306 407

252 393 452 462 LXXXVI(
479 391 546 472 Qui
580 368 708 453 serrum
733 386 880 448 alienum
903 385 1008 452 invito
1041 387 1173 452 domino
1196 391 1283 475 apud

113 513 118 524 ·
167 479 382 554 setennerit,
412 477 493 536 furti
523 483 570 536 est
601 473 728 534 actione
755 468 943 553 pulsandus.

252 557 454 624 LXXXVII.
495 555 535 622 In
556 558 633 639 suga
652 555 776 640 positus
795 574 908 615 servus
927 575 989 616 nee
1009 555 1108 618 rendi
1119 601 1129 636 ,
1152 575 1214 618 nec
1229 554 1284 618 do-

170 651 468 790 narerpgpppm
510 722 543 783 Si
567 721 714 796 abactor,
736 715 943 794 sollicitator,
965 737 1002 780 ac
1017 719 1088 798 fur,
1112 728 1285 805 antequam

9 833 15 847 ·
113 819 114 825 ’
168 834 230 896 per
260 811 484 871 auctoritatem
513 804 630 866 iudicis
654 801 888 875 convincatur,
910 807 1056 862 mortuus
1083 803 1201 880 fuerit,
1223 804 1284 866 he-

169 895 263 956 redes
279 893 348 955 eius
361 915 420 976 pro
435 890 554 953 delicto
568 884 707 964 auctoris
724 883 774 945 sui
789 882 823 940 in
840 882 932 942 nullo
947 891 1121 946 teneantur
1140 886 1284 965 obnoxii,

171 977 235 1038 nisi
254 977 294 1037 oh
325 998 436 1038 earum
455 982 700 1035 tantumrerum
714 963 960 1050 repetitionem,
983 987 1061 1048 quas
1076 967 1116 1029 ad
1139 991 1193 1034 eos
1213 991 1286 1055 per·

170 1059 298 1124 venisse
319 1057 510 1121 constiterit.

251 1140 436 1207 LXXXIX.
478 1137 513 1198 Si
534 1135 608 1219 quis
636 1130 715 1211 sibi,
741 1138 778 1190 ut
804 1129 947 1214 aliquem
970 1140 1107 1212 terreat,
1136 1135 1293 1198 militiam·

169 1224 385 1302 confinxerit,
423 1222 477 1284 vel
505 1215 720 1301 adsumpserit
741 1234 837 1296 quam
864 1235 929 1275 non
952 1213 1050 1276 habet
1072 1225 1283 1298 potestatem,

173 1308 305 1371 viliores
327 1306 466 1367 fustibus
490 1302 574 1365 caesi
601 1306 776 1385 perpetuae
799 1297 1007 1379 relegationis
1032 1301 1116 1359 mala
1141 1304 1285 1366 sustine·
1321 1368 1322 1372 ,

171 1398 244 1468 ant,
265 1388 467 1450 honestiores
487 1384 578 1448 exilii
598 1381 762 1467 patiantur
788 1378 1000 1452 incommoda.

254 1471 324 1534 XC.
367 1470 434 1549 Qui
457 1459 700 1543 testamentum,
722 1461 932 1542 codicillum,
954 1462 1098 1544 tabulas,
1119 1464 1283 1545 rationes,

172 1563 269 1639 gesta,
300 1553 446 1630 libellos,
478 1551 658 1626 cautiones,
696 1544 846 1630 epistolas
884 1545 918 1605 in
950 1544 1100 1609 fraudem
1132 1549 1285 1628 alterius,

172 1657 368 1724 quocunque
392 1636 465 1696 loco
486 1633 686 1708 deleverint,
718 1627 933 1705 mutaverint,
964 1629 1179 1708 subiecerint,
1211 1632 1285 1694 suh·

171 1719 349 1802 repserint,
381 1714 604 1791 incenderint,
634 1713 791 1781 raserint;
829 1721 884 1770 aut
902 1731 971 1788 aes,
1013 1723 1198 1796 argeutum,
1229 1715 1285 1776 vel

147 1865 151 1874 p
172 1804 296 1864 ferrum
320 1802 502 1861 inauratum
521 1797 659 1858 scientes
675 1817 736 1877 pro
754 1813 833 1854 auro
861 1792 1026 1871 dederint,
1055 1796 1107 1858 vel
1126 1796 1285 1859 vendide-

172 1885 256 1960 rint,
278 1883 330 1945 vel
350 1879 594 1965 supposuerint;
625 1879 748 1961 quique
770 1897 828 1960 pro
845 1885 978 1958 argento
1000 1886 1151 1938 stannum
1174 1879 1285 1940 subie-

174 1967 295 2042 cerint,
319 1968 371 2027 vel
393 1963 586 2026 exteriorem
611 1961 773 2023 circulum
801 1959 896 2018 solidi
927 1959 1163 2038 praeciderint,
1185 1957 1286 2044 quire

174 2059 212 2109 ut
231 2049 266 2108 id
288 2047 397 2126 lieret,
430 2044 594 2123 iusserint,
623 2064 792 2127 operumve
820 2038 990 2120 dederint,
1010 2063 1162 2124 ²poenam
1188 2042 1287 2105 susti-

174 2141 274 2193 neant
296 2131 377 2192 falso
404 2127 532 2190 crimini
566 2127 783 2191 constitutam.

257 2212 342 2275 XCI.
383 2212 450 2290 Qui
473 2211 608 2273 testibus
630 2208 804 2291 pecuniam
833 2205 975 2283 dederit,
1003 2215 1040 2266 ut
1066 2207 1182 2270 falsum
1203 2207 1289 2272 testi·

174 2295 321 2358 monium
353 2294 479 2372 dicant,
509 2293 562 2355 vel
589 2302 677 2354 certe
703 2290 792 2372 quod
822 2287 928 2350 sciunt
955 2299 1103 2368 taceant,
1135 2302 1190 2352 aut
1220 2312 1287 2352 nou

177 2379 358 2461 exprimant
375 2376 564 2450 veritatem,
590 2375 644 2438 rel
661 2373 763 2435 iudici
780 2371 958 2454 praemium
981 2371 1147 2451 dederint,
1170 2384 1205 2436 ut
1218 2395 1289 2436 seu·

176 2462 311 2525 tentiam
334 2469 446 2522 contra
470 2457 624 2519 iustitiam
652 2457 755 2533 dicat,
788 2454 839 2516 vel
876 2475 942 2514 non
969 2453 1111 2534 iudicet,
1138 2455 1291 2519 humilio-

175 2567 227 2606 res
247 2544 351 2625 cnpite
370 2541 563 2624 puniantur,
584 2540 786 2602 honestiores
806 2537 965 2598 honorum
990 2559 1124 2600 suorum
1146 2539 1290 2602 amissio·
1369 2545 1371 2548 '

177 2649 218 2688 ne
243 2628 433 2686 multentur.
789 2642 791 2647 ·

259 2709 364 2771 XClI.
406 2706 440 2769 Si
468 2705 584 2790 sponse
609 2725 760 2788 persuasa
787 2701 827 2762 ab
854 2723 972 2785 sponso
998 2702 1130 2766 adeius
1159 2705 1291 2766 domum

178 2813 245 2853 non
265 2791 381 2851 tradita
402 2790 547 2868 venerit,
568 2810 712 2872 sponsus
733 2784 869 2866 raptoris
889 2784 1025 2846 crimine
1048 2807 1113 2846 non
1132 2796 1290 2851 tencatur.

147 2923 150 2930 .
259 2874 381 2936 ΧΟΙΙΙ,
421 2872 546 2932 lnvitus
574 2881 666 2953 pater
691 2869 847 2930 familiam
873 2888 963 2928 suam
989 2867 1023 2926 iu
1050 2869 1293 2932 matrimonium

153 2976 156 2986 ·
180 2956 264 3017 nulli
288 2956 363 3015 dare
388 2955 610 3036 compellatur.

261 3037 377 3102 XCIV.
417 3038 572 3098 Parentes
598 3033 656 3115 qni
675 3041 810 3116 cogente
832 3030 1022 3093 necessitate
1039 3033 1122 3097 filios
1139 3057 1214 3099 suos
1233 3036 1293 3096 ali·

179 3128 363 3180 mentorum
389 3119 489 3200 gratia
514 3116 737 3192 vendiderint,-
760 3113 953 3196 ingenuitati
973 3135 1085 3177 eorum
1109 3140 1174 3180 uon
1197 3141 1296 3203 prae·

180 3203 344 3276 iudicant,
366 3200 463 3261 homo
491 3200 576 3261 enim
605 3198 689 3258 liber
709 3198 813 3280 pretio
842 3195 934 3257 nullo
963 3200 1156 3268 aestimatur.

263 3285 360 3348 XCV.
402 3283 469 3344 Nee
494 3303 552 3364 pro
576 3281 710 3363 pignore
738 3279 798 3340 filii
827 3302 845 3340 a
876 3280 1063 3358 parentibus
1091 3283 1187 3346 alicui
1220 3282 1293 3344 dari

180 3377 334 3452 possunt:
367 3374 398 3426 et
432 3366 459 3425 si
479 3364 584 3426 sciens
609 3363 751 3423 creditor
775 3363 934 3444 ingenuos
954 3383 1013 3443 pru
1043 3365 1178 3448 pignore
1202 3388 1296 3446 apa·

181 3449 328 3510 rentibus
366 3447 561 3532 susceperit,
592 3444 796 3506 inexilium
823 3442 992 3523 dirigetur.
1053 3449 1176 3529 Operas
1207 3449 1296 3508 euim

181 3542 307 3594 tentum
328 3541 477 3616 parentes
496 3528 653 3606 filiorum,
683 3549 765 3610 quos
793 3527 828 3588 in
851 3533 1005 3611 potestate
1026 3528 1219 3608 habuerint,
1248 3530 1295 3592 lo·
1402 3526 1405 3532 ’

182 3637 256 3677 cere
279 3622 422 3692 possunt.
745 3679 746 3682 Ἴ
1257 3663 1259 3669 .

236 3693 239 3702 ’
265 3695 382 3758 XCVI.
424 3694 490 3773 Qui
514 3693 547 3753 in
568 3693 715 3752 libertate
740 3690 860 3773 degens
878 3691 917 3754 ad
939 3691 1129 3755 servitutem
1144 3703 1295 3772 vocatur,

181 3779 231 3840 rei
253 3788 357 3861 partes
379 3773 529 3840 sustinet:
573 3775 647 3836 ideo
676 3773 805 3856 petitori
837 3774 922 3852 eius,
954 3775 1007 3836 vel
1030 3775 1080 3835 illi
1103 3777 1161 3858 qni
1185 3799 1218 3838 se
1242 3777 1298 3838 do·

182 3862 309 3921 minum
331 3861 433 3937 dicet,
461 3858 627 3919 incumbet
644 3877 772 3918 servum
797 3878 891 3916 snum
917 3857 1044 3919 dooere.
1088 3860 1121 3919 si
1147 3879 1226 3921 vero
1256 3881 1297 3920 ex

182 3943 382 4026 possessione
404 3941 567 4002 servitutis
585 3941 619 3999 in
643 3940 826 3999 libertatem
843 3939 1013 4019 reclamet,
1036 3940 1201 4004 defensori
1229 3941 1298 4003 eius

184 4046 313 4088 necesse
330 4033 380 4085 est
401 4024 542 4084 liberum
567 4023 784 4104 comprobare.

267 4106 407 4173 XCVll.
450 4106 517 4183 Qui
540 4123 664 4182 casam,
687 4104 837 4182 domum,
859 4112 915 4165 ant
932 4103 1045 4168 villam
1069 4104 1207 4166 alienam
1233 4103 1298 4164 ini-

185 4189 380 4251 mIcitiarum
410 4210 522 4250 caussa
550 4185 750 4250 incenderit:
772 4185 800 4247 si
821 4207 951 4267 servus,
978 4189 1131 4267 colonus,
1161 4186 1297 4268 aneilla,
