2906 5008
394 281 498 342 tscls
520 281 795 340 rsiovmmmu
820 277 990 340 mrsu
1163 253 1263 336 tot:

176 426 296 494 ·.VI.'
323 429 373 489 De
393 426 446 488 his
466 423 598 508 quidem
624 424 756 505 usibus,
773 447 857 510 quae
882 425 922 488 de
940 424 1105 488 silvaticis*
1118 417 1177 510 per
1197 423 1268 486 do⁸⁴

139 519 292 576 comente
313 509 454 570 humana
482 507 735 571 domesticantur
771 508 955 587 industris3
989 518 1022 570 et
1054 527 1114 592 per
1141 509 1253 569 curtes

139 595 303 658 nobilium
325 600 556 654 mansuescunt
581 591 718 654 volitare
743 601 839 675 utque
866 601 1016 671 contere,
1043 609 1118 652 cnm
1146 589 1252 650 solido

140 698 208 738 uno
237 685 270 739 et
294 674 400 738 simile
427 683 625 760 componet„
666 685 763 760 atque
785 677 927 760 insuper.
947 674 990 735 sd
1020 679 1254 738 sacramentum

139 759 366 845 compelletur.
395 763 451 834 x).
713 766 716 777 '

136 943 231 1048 Tt'lt
256 939 365 1016 XXI.
416 941 476 1014 De
501 943 675 1036 pomariis
703 951 741 1010 et
764 943 976 1014 nemoribus
998 953 1106 1039 atque
1126 943 1253 1042 apibus

454 1051 643 1114 eteorum
671 1045 943 1137 compositione.

222 1207 249 1270 I.
292 1207 327 1269 Si
348 1206 421 1290 quis
446 1205 590 1268 alienum
611 1207 792 1291 pomerium
821 1205 981 1268 effodierit
1009 1228 1068 1290 per
1097 1203 1254 1269 invidiam

74 1357 76 1364 ,
141 1292 197 1356 vel
219 1289 375 1353 exciderit
396 1289 525 1352 arbores
545 1289 740 1367 fructiferas,
759 1290 815 1352 ubi
837 1289 1009 1352 duodecim
1028 1290 1097 1351 sive
1117 1287 1256 1370 amplius

139 1375 277 1452 fuerint,
298 1372 331 1434 in
352 1372 464 1455 primis
485 1372 696 1455 quadraginta
715 1373 836 1436 solidos
858 1381 1038 1456 componat,
1058 1370 1174 1454 viginti
1195 1391 1256 1431 eu-

137 1458 193 1520 ius
212 1455 390 1539 pomarium
411 1452 472 1519 fuit
493 1465 524 1516 et
545 1453 625 1518 alios
652 1455 768 1538 viginti
791 1458 824 1516 in
852 1456 1043 1539 publicum,
1077 1453 1154 1538 quia
1174 1473 1254 1513 con-

136 1549 190 1602 tra
205 1540 312 1622 legem
323 1537 412 1600 fecit.
443 1538 488 1600 Et
500 1536 581 1600 elius
594 1537 723 1600 arbores
736 1538 856 1600 similes
876 1539 921 1599 ibi
939 1540 1073 1622 plantet,
1092 1547 1125 1598 et
1144 1556 1257 1596 onam·

139 1642 302 1706 quamque
324 1621 472 1681 arborem
493 1641 567 1681 oum
586 1620 690 1682 solido
707 1632 883 1704 componet
895 1647 904 1694 ;
938 1630 972 1684 et
998 1620 1087 1682 omni
1108 1629 1254 1702 tempore

135 1698 309 1789 pomorum
329 1703 470 1765 solidum
490 1703 608 1781 donet,
640 1724 743 1786 usque
765 1706 843 1766 dum
863 1705 940 1766 illae
962 1703 1089 1767 arbores
1110 1704 1256 1762 fructum

108 1841 112 1853 ,
136 1788 270 1865 fociant,
292 1808 371 1869 quas
392 1786 450 1847 ille
478 1784 644 1868 plantavit.

222 1871 265 1932 11.
307 1869 342 1929 si
364 1869 438 1952 quis
459 1868 564 1929 aliena
585 1888 718 1930 nemora
738 1862 952 1952 praeciderit,
974 1868 1002 1930 si
1022 1876 1130 1951 portat
1150 1887 1255 1930 escam

139 1961 174 2016 et
193 1952 295 2014 rubus
316 1960 374 2029 est,
396 1973 471 2013 cum
492 1950 596 2014 solido
618 1961 651 2014 et
671 1951 776 2014 simile
798 1961 978 2035 componat.

101 2037 139 2056 ““
223 2036 282 2101 111.
324 2035 366 2095 Et
387 2035 415 2096 si
439 2033 577 2116 emplius
605 2055 707 2114 usque
730 2037 769 2096 ad
792 2055 963 2096 numerum
984 2053 1042 2096 sex
1061 2053 1121 2116 per
1140 2031 1256 2116 singu-

138 2120 189 2182 los
208 2117 372 2200 singulum
392 2115 534 2179 solidum
553 2117 709 2179 restituet.
757 2117 885 2179 Deinde
907 2116 1056 2179 arborum
1078 2115 1255 2177 numerosi·

138 2213 238 2266 tatem
258 2201 428 2262 restituere
450 2208 598 2282 segetum
630 2209 662 2260 et
690 2199 730 2262 de
758 2199 809 2262 his
840 2221 923 2282 quae
946 2198 1092 2274 nondum
1111 2199 1256 2262 fructum

136 2292 353 2372 portaverunt
373 2304 448 2344 cum
469 2282 613 2344 tremisse
635 2290 668 2343 et
687 2281 791 2354 simile
813 2283 970 2344 restituet.

223 2365 280 2429 1V.
322 2367 372 2427 De
399 2365 482 2447 fagis
509 2384 588 2428 sero
615 2365 793 2428 tremissem
820 2375 852 2427 et
879 2365 983 2428 simile
1016 2363 1256 2428 restituendum

138 2470 328 2527 censemus,
352 2448 515 2529 usquead
536 2469 706 2509 numerum
735 2469 792 2510 sex
813 2446 991 2511 solidorum
1025 2469 1084 2531 per
1111 2449 1255 2530 singulus

139 2534 294 2610 arbores,
327 2531 361 2593 id
391 2541 456 2607 est,
479 2530 593 2592 decem
614 2539 647 2591 et
675 2540 757 2592 octo.
816 2531 859 2592 Et
879 2531 905 2592 si
935 2533 1072 2614 amplius
1101 2529 1256 2593 damnum

139 2616 251 2692 infert,
273 2634 340 2674 non
363 2623 496 2698 cogatur
516 2634 709 2696 componere
732 2612 793 2675 nisi
816 2634 987 2675 nnmerum
1008 2611 1212 2683 restituendi,

222 2695 265 2758 V.
306 2695 341 2757 si
362 2698 484 2756 malum
503 2697 555 2757 vel
578 2695 685 2778 pirum
699 2696 752 2759 vel
773 2706 880 2776 cetera
892 2697 1079 2760 huiusmodi
1099 2693 1169 2778 peri
1181 2717 1254 2759 sen·

138 2779 241 2844 tentia
263 2787 301 2842 ut
319 2779 385 2862 fagi
407 2788 626 2862 perseverent.

222 2863 281 2927 Vl.
324 2863 359 2924 si
380 2882 459 2924 vero
481 2860 521 2922 de
542 2860 676 2928 minutis
697 2860 785 2923 silvis
813 2860 853 2922 dc
875 2861 950 2924 luco
977 2859 1029 2926 rel
1058 2883 1254 2946 quacunque

138 2943 266 3007 Kaheio
280 2950 321 3023 y)
342 2943 474 3028 segitem
495 2949 529 3018 z)
549 2943 723 3018 reciderit,
745 2966 821 3006 cum
840 2943 945 3006 solido
972 2955 1003 3007 et
1031 2945 1137 3008 simile
1165 2966 1256 3006 oom-

138 3037 259 3112 ponst,
289 3037 322 3088 et
354 3025 511 3110 deinceps
532 3047 633 3110 usque
667 3027 707 3090 ad
735 3047 793 3090 sex
813 3025 933 3090 solidos
960 3027 1199 3091 restitutionem
1220 3035 1256 3092 et

141 3110 418 3194 compositionem.

223 3193 301 3261 Vll.
343 3191 377 3253 si
397 3191 537 3274 amplior
556 3191 656 3253 fuerit
676 3211 829 3253 uumerus
850 3189 1020 3274 fugiturum
1040 3200 1087 3272 a),
1106 3215 1176 3256 ,non
1200 3215 1255 3256 co·

140 3285 234 3358 gutur
254 3295 474 3358 componere,
498 3273 559 3335 nisi
583 3274 753 3337 restituere
776 3294 849 3335 eum
871 3275 1025 3338 simili'et
1044 3289 1252 3345 sacramento.

141 3359 175 3420 Si
197 3368 304 3422 autem
323 3365 396 3440 post
422 3355 689 3453 compositionem
716 3367 748 3420 et
767 3357 1003 3422 restitutionem
1025 3359 1178 3420 damnum
1191 3359 1254 3437 jn-

140 3441 275 3504 trascrit
296 3441 419 3502 inferre
441 3439 475 3501 in
503 3439 604 3524 ipsius
631 3460 762 3502 nemore
784 3440 839 3501 cui
860 3440 1057 3526 composuit,
1090 3441 1174 3504 nihil
1194 3464 1253 3506 ex-

209 3683 243 3753 e)
259 3681 293 3736 In
313 3701 368 3736 uno
386 3681 489 3736 Codice
506 3689 568 3754 post
585 3681 660 3736 hunc
677 3681 790 3734 titulum
809 3680 880 3734 alius
897 3681 999 3748 legitur
1014 3683 1057 3736 his
1075 3685 1181 3739 verbis:
1208 3689 1270 3740 De·
1362 3735 1367 3757 ,

140 3754 262 3806 minutis.
299 3754 329 3804 Sr'
345 3755 409 3824 quis
424 3754 534 3822 plorum
560 3765 609 3807 aut
635 3765 761 3804 aratrum
786 3753 907 3805 alienum
934 3755 1029 3822 inique
1057 3759 1250 3825 copulaverit,

139 3841 200 3878 cum
218 3823 309 3876 tribus
323 3822 419 3874 solidis
437 3835 589 3892 componat.
633 3822 794 3891 Sisaratur
810 3824 842 3872 in
860 3822 997 3891 octuplum
1014 3823 1125 3876 reddat.
1162 3827 1192 3876 Si
1208 3827 1252 3875 iu-

25 3898 40 3952 ,ῐ
140 3911 203 3963 gum
211 3895 337 3965 furatur
354 3911 414 3949 cum
435 3893 478 3946 Vl.
495 3893 547 3947 sol.
565 3904 719 3961 componat.
754 3894 903 3944 Animula
929 3893 995 3962 lupo
1019 3907 1190 3946 commestam
1209 3895 1251 3948 vel

25 3959 27 4014 Ϊ
140 3965 261 4016 occisum
296 3963 347 4032 qui
381 3962 568 4015 excoriaverit
595 3977 654 4014 cum
680 3962 740 4014 XV.
768 3963 819 4016 sol.
849 3976 1003 4032 componat.
1056 3961 1250 4018 Moleuds'num

39 4041 41 4056 '
140 4034 283 4087 incensum
301 4033 334 4084 in
356 4033 471 4100 triplum
496 4043 636 4100 conponat
652 4043 680 4084 ct
697 4035 790 4085 omnia
809 4033 885 4084 intus
902 4039 1080 4086 concremata
1104 4036 1135 4086 in
1162 4045 1255 4103 septu-

138 4104 222 4174 plum.
288 4100 322 4170 y)
341 4101 419 4156 Lind.
438 4099 471 4153 de
490 4101 548 4154 vvic
574 4101 622 4154 vel
645 4119 810 4174 quocunque
834 4104 955 4156 Karseis.
997 4103 1043 4156 Al.
1062 4120 1123 4156 mss.
1141 4104 1252 4166 Kalaso,

140 4173 264 4230 Kahuio.
294 4171 350 4236 u)
366 4172 409 4224 ΔΙ.
426 4187 489 4225 mss.
512 4171 645 4241 segitem.
681 4171 759 4229 tint
788 4184 917 4244 segetum.
931 4205 940 4215 =-
987 4179 1021 4240 a)
1038 4173 1080 4230 tt
1095 4187 1159 4230 mss
1181 4177 1255 4248 vrgi-

142 4255 243 4302 tarum.
277 4240 355 4295 lind
375 4253 536 4313 vegetorum.
