2876 4992
392 313 762 372 trc1sanuaa1onun
784 315 998 377 r1r.xxx111.
1176 301 1250 380 :Ira

133 453 314 537 legitimam
335 453 519 532 emaIIatnm
538 451 653 526 babet;
676 464 710 516 et
732 455 778 517 sic
804 455 902 520 iudex
926 449 1042 522 fiscalis
1062 463 1102 524 nd
1119 463 1249 527 domm

130 538 224 599 iltius
246 536 400 598 accedere
420 537 532 613 debet,
556 546 588 597 et
608 537 783 619 legitimam
803 541 946 601 strudem
962 543 1080 606 exinde
1102 550 1247 627 auterre,

130 629 166 680 et
187 621 217 681 ei
243 621 403 696 tribuere,
432 619 584 700 quicum
605 621 845 702 interpellavit,
867 621 930 684 hoc
950 637 1016 704 est,
1041 637 1162 708 septem
1184 633 1248 694 Ra-

130 703 352 784 cbinburgiis,
375 701 553 784 uuicuique
568 701 754 783 quindecim
780 703 970 784 solidos‚.et
995 709 1025 770 ei
1044 709 1101 793 qui
1121 694 1248 797 causan}

129 787 418 867 prosequitur‘b),
441 785 652 866 quadraginta
673 785 831 867 quinque.
1154 791 1179 864 ,]
1229 790 1245 878 λ,

215 867 273 929 IV.
322 869 420 944 Quod
441 869 468 929 si
491 867 589 948 ipsam
614 869 755 928 strudem
785 877 823 948 c)
853 872 1074 934 contradicere
1096 862 1247 956 voluerit,

129 950 226 1012 etad
253 951 381 1010 ianuam
402 973 490 1011 suam
519 971 593 1009 cum
618 958 705 1031 spata
729 960 829 1010 tracta
852 955 1038 1032 accesserit,
1069 965 1102 1015 et
1121 979 1190 1018 eam
1212 959 1247 1024 in

130 1039 225 1118 porta
249 1035 317 1096 siVe
341 1034 374 1092 in
399 1043 487 1114 poste
513 1031 559 1103 d)
581 1032 746 1113 posuerit,
766 1043 846 1094 tune
871 1035 969 1096 iudex
993 1037 1194 1102 fideiussores
1210 1036 1247 1102 'ei

129 1115 257 1198 exigat,
280 1126 316 1176 ut
331 1137 363 1178 se
381 1124 454 1176 ante
470 1115 590 1194 Regem
609 1126 848 1194 repraesentet,
870 1128 903 1178 et
921 1119 1041 1180 ibidem
1061 1143 1136 1181 eum
1151 1124 1247 1186 armis

128 1199 197 1263 suis
220 1207 331 1260 contra
353 1197 551 1258 contrarium
576 1217 670 1255 suum
689 1218 723 1258 se
744 1199 871 1274 studeat
896 1200 1074 1269 defensare.

283 1318 372 1388 Tm.
398 1312 582 1410 XXXIII.
609 1319 720 1400 (35.)
745 1314 804 1406 De
827 1313 1026 1398 intertiare,
1053 1319 1098 1414 e)
1180 1290 1265 1401 ·,,;.
1296 1381 1299 1390 a

179 1504 181 1516 Ι
216 1436 244 1505 Ι.
274 1436 319 1500 *Si
339 1434 411 1518 quis
431 1456 500 1496 rem
524 1455 613 1494 snam
638 1435 848 1516 cognoverit,
868 1437 972 1498 mittat
997 1461 1128 1501 manum
1151 1437 1267 1526 sapei„
1290 1435 1305 1488 '.'

131 1519 267 1602 cums).
288 1520 332 1581 Et
347 1517 373 1580 si
392 1517 448 1577 ille
465 1527 502 1596 g)
524 1537 620 1598 super
636 1537 733 1598 quem
753 1515 951 1593 intertiatur,
974 1523 1100 1582 tertiam
1117 1546 1250 1588 manum
1269 1543 1271 1548 '
1296 1517 1298 1522 ¹

130 1613 284 1685 quaerat,
308 1610 386 1662 tunc
411 1601 445 1660 iu
467 1609 635 1682 praesente
660 1599 695 1670 b)
719 1599 810 1660 ambo
836 1601 1006 1664 coniurare
1031 1604 1152 1668 debent
1172 1614 1265 1672 cum'

132 1687 266 1747 dextera
285 1689 421 1759 armata,
450 1692 483 1744 et
510 1701 583 1742 cum
607 1679 735 1742 sinistra
755 1682 855 1763 ipsam
877 1705 946 1746 rem
970 1695 1110 1749 teneant.
1154 1693 1246 1756 Unus

131 1767 237 1846 iuret,
259 1768 346 1849 quod
366 1767 399 1826 in
423 1766 584 1848 propriam
605 1785 674 1823 rem
696 1785 826 1824 manum
848 1768 968 1848 mittat,
991 1780 1022 1829 et
1041 1771 1123 1832 alius
1143 1771 1245 1853 iuret,

130 1851 222 1932 quod
243 1851 283 1911 ad
304 1869 374 1910 eam
399 1869 529 1907 manum
555 1845 674 1923 trahat,
707 1847 764 1926 qui
789 1848 818 1906 ei
843 1847 941 1930 ipsam
969 1871 1036 1911 rem
1063 1853 1161 1920 dedit,
1203 1859 1247 1918 Et

130 1933 158 1994 si
187 1932 271 1992 infra
294 1933 444 1993 ducatum
471 1939 536 2007 est,
561 1948 659 2009 super
680 1931 925 2008 quatuordecim
946 1943 1056 1995 noctes
1079 1945 1245 2000 auctorem

130 2037 226 2076 snum
236 2021 461 2096 repraesentet.
504 2013 538 2072 Si
557 2010 637 2070 foris
654 2010 823 2090 ducatum,
845 2036 942 2095 super
958 2018 1177 2100 quadraginta,
1208 2023 1244 2082 Si

131 2106 240 2158 nutem
254 2105 344 2158 extra
361 2115 513 2176 reguum,
532 2113 630 2173 super
649 2095 832 2173 octuaginta
855 2099 894 2157 ad
915 2100 999 2179 regis
1016 2100 1178 2182 stapplum
1200 2105 1213 2161 i
1212 2113 1243 2182 )‚

129 2179 185 2242 vel
207 2178 248 2240 ad
266 2201 340 2240 eum
358 2178 484 2256 locum,
505 2176 562 2237 ubi
583 2174 697 2238 mallus
718 2185 785 2255 est,
807 2188 971 2240 auctorem
989 2203 1083 2242 suum
1104 2183 1137 2242 in
1153 2207 1246 2266 prae.

130 2271 221 2323 sente
243 2261 367 2320 habeat.
1258 2287 1260 2292 .

214 2343 258 2407 n.
303 2343 400 2420 Quoa
430 2341 456 2402 ss
489 2361 564 2402 aum
588 2340 709 2402 saraam
739 2339 857 2404 assere
880 2337 956 2404 'noa
988 2348 1146 2427 potuerit,
1180 2349 1263 2412 sni.
1407 2333 1426 2379 ³

130 2425 284 2507 septimus
300 2427 334 2484 in
356 2424 477 2484 haraho
498 2424 666 2501 coniuret,
684 2425 770 2506 quod
786 2445 862 2484 eum
878 2425 997 2487 ibidem
1017 2429 1143 2510 legibus
1154 2447 1282 2501 man-”3
1335 2441 1336 2444 ’

134 2510 238 2569 nitum
250 2507 431 2584 habuisset,
454 2516 486 2566 et
505 2507 565 2568 sibi
588 2506 626 2566 ab
645 2507 709 2566 alio
731 2506 862 2567 h'omine
883 2508 949 2589 ipsa
972 2531 1023 2571 res
1041 2513 1157 2571 tradita
1176 2525 1246 2590 non,

133 2592 256 2656 fuisset.
300 2592 354 2652 Sic
376 2591 405 2650 ei
426 2590 579 2670 placitum
598 2611 695 2670 super
712 2589 957 2671 quatuordecim
978 2613 1035 2652 seu
1053 2615 1150 2674 super
1166 2617 1244 2675 qua·

135 2673 281 2754 draginta
299 2675 351 2734 vel
369 2674 551 2756 octuaginta
571 2681 680 2732 noctes
697 2671 792 2731 detur
800 2717 812 2744 ,
836 2682 872 2732 ut
893 2674 966 2736 cine
984 2675 1185 2736 werduniam
1200 2677 1242 2752 Is)

135 2777 226 2816 suam
240 2756 272 2814 in
295 2756 472 2838 praesentia
493 2753 623 2815 testium
645 2753 798 2836 recipiat,
819 2765 855 2815 ut
875 2765 907 2815 et
926 2757 958 2829 l)
984 2758 1041 2838 qni
1064 2780 1132 2818 rem
1153 2781 1244 2820 suam

135 2837 327 2916 intertiavit,
349 2837 558 2920 probabiliter
578 2836 732 2900 ostendat.
773 2837 815 2898 Et
838 2847 918 2899 tunc
939 2840 1006 2922 ipse
1030 2839 1068 2900 de
1085 2842 1171 2901 surto
1190 2850 1243 2915 m)

134 2941 266 2982 securus
290 2921 347 2997 sit,
370 2931 402 2980 et
426 2920 482 2981 itte
508 2919 564 3000 qui
589 2917 783 2996 intertiavit‚
805 2921 928 2980 furtum
951 2934 984 2984 et
1005 2921 1184 2986 delaturam
1200 2933 1244 2996 n)

134 3002 175 3062 ab
197 3024 235 3064 eo
256 3003 418 3084 requirat,
439 3001 495 3083 qui
519 3002 643 3061 solvere
671 3001 787 3082 coepit.
1224 3047 1228 3057 „
1263 3061 1268 3074 ,

216 3087 277 3151 111.
319 3085 416 3162 Quod
436 3085 462 3144 si
492 3090 603 3145 auctor
625 3103 700 3143 suus
727 3083 873 3161 venerit,
896 3093 927 3144 et
956 3105 1024 3144 rem
1049 3086 1243 3152 intertiatam

123 3168 281 3250 'recipere
307 3167 451 3228 noluerit
472 3175 523 3246 a),
552 3175 631 3225 tunc
657 3164 713 3224 ille
740 3187 837 3248 super
868 3188 966 3248 quem
989 3169 1151 3230 intertiata
1178 3181 1242 3252 est,

136 3251 272 3335 capitale
294 3259 326 3312 et
347 3250 525 3311 delaturam
544 3257 638 3328 atque
661 3247 783 3308 furtum
804 3249 930 3311 solvere
953 3251 1089 3314 studeat.

220 3333 277 3396 IV.
319 3332 415 3411 Quod
432 3331 457 3392 si
477 3333 510 3391 in
531 3331 598 3413 ipsa
613 3329 710 3406 hora,
733 3331 864 3411 quando
883 3343 937 3392 'res
957 3332 1159 3414 intertiatur,
1180 3359 1246 3399 res-

137 3415 307 3499 ponderit,
329 3415 417 3496 quod
434 3415 621 3475 fordronem
640 3433 733 3473 suum
753 3414 892 3489 neseiat,
914 3423 993 3476 tunc
1017 3416 1048 3476 in
1075 3419 1259 3499 praesente
1301 3425 1339 3466 ·'‘

139 3498 180 3588 de
197 3509 393 3560 sacramento
406 3495 472 3559 'sibi
490 3497 624 3581 septima
649 3515 748 3554 manu
765 3495 861 3559 tidem
882 3497 980 3559 faciat
1003 3508 1034 3560 et
1051 3521 1270 3591 super-qua„

212 3768 251 3832 b)
261 3767 370 3820 Her-old.
381 3770 513 3840 sequitur.
568 3773 604 3836 c)
613 3766 690 3819 Liud.
707 3766 764 3837 ipse
780 3766 907 3822 suadem.
967 3768 1007 3836 d)
1027 3769 1103 3820 Liud.
1121 3772 1241 3826 inceste.

142 3843 181 3905 e)
199 3838 275 3891 tina
297 3847 325 3890 et
344 3839 395 3890 Til.
414 3839 455 3892 De
464 3840 608 3892 intertiata
620 3856 659 3894 re.
671 3837 793 3890 Sichard.
811 3840 1059 3894 Deintertiarione.
1092 3840 1127 3910 f)
1135 3842 1176 3892 Al.
1188 3863 1253 3899 nra-¹

140 3907 816 4048 attf¹2?tttgtt'tnptdtt?'ttbftttttit:
836 3909 1269 4054 niditdit'i‘f‘iiiidpfib

138 4049 204 4103 lum,
218 4050 327 4101 Herold.
337 4050 509 4120 stapfpotum.
536 4049 577 4112 a)
586 4047 638 4099 Til.
648 4051 710 4100 eive
718 4049 896 4102 werduniam.
917 4049 993 4102 Lind.
1001 4050 1253 4104 cinewerdunium:

137 4118 247 4172 Herold.
268 4123 333 4172 cina
348 4119 525 4174 werduniam.
545 4118 611 4170 Cod.
631 4118 757 4171 Corbion.
777 4131 807 4170 ut
827 4119 859 4174 de
876 4119 1088 4174 cinewerdnna'a
1105 4135 1168 4173 sua:
1210 4123 1246 4189 l)

134 4186 247 4260 iterata.
265 4199 292 4263 et
305 4191 400 4244 Baqu.
419 4202 445 4245 et
461 4190 495 4242 ei.
548 4206 573 4239 m
571 4193 593 4253 J
611 4187 721 4242 Herold.
731 4190 843 4260 sutura.
864 4189 945 4243 Goth.
965 4203 1074 4262 texaga.
1129 4191 1166 4262 η)
1190 4191 1247 4246 He·

134 4257 203 4312 told.
227 4257 397 4314 dilationem.
451 4256 489 4327 o)
505 4257 597 4318 baluz.
616 4261 750 4323 renuerit,
766 4259 842 4313 Liud.
862 4261 988 4330 accipere
1009 4263 1140 4317 renuerit.
1202 4284 1218 4302 ·=
1236 4290 1249 4304 ·-
