2900 5020
466 317 572 378 neers
590 319 790 404 ra1s1onnn
813 324 885 381 nr.
904 327 928 384 r.
1176 283 1251 388 III

225 459 292 527 IX..
326 460 361 524 Si
381 458 523 524 liberum
542 460 715 542 occiderit,
734 461 793 531 sol.
813 465 901 529 LIII.
915 475 948 529 et
962 487 1064 530 nnnm
1081 468 1252 536 denarium

142 547 264 648 folrat,
293 554 327 608 et
349 544 377 608 si
397 542 583 629 negaverit,
613 567 688 609 cum
709 544 827 630 viginti
844 550 948 614 tribus
968 554 1252 619 sacramentalibus
1314 547 1317 556 ’

142 641 240 694 ruret.

225 711 263 779 X.
307 711 454 776 silitum
470 710 644 792 occiderit,
669 711 727 774 sol.
747 711 882 776 XXVII.
902 735 969 777 nno
989 715 1124 778 denario
1145 717 1252 784 minus

134 805 317 878 ‘componat
337 794 470 858 domino
490 815 565 873 ano,
596 805 629 858 et
646 793 838 878 propinquis
854 797 951 859 occisi
973 798 1092 862 solidos
1114 799 1175 867 IX.
1194 824 1254 865 ex·

143 888 238 962 cepta
263 879 360 941 tertia
378 884 468 962 parte
494 877 592 940 uniar
608 876 752 956 denarii,
776 885 809 941 et
833 878 861 942 si
878 881 1062 964 negaverit,
1090 882 1151 946 sibi
1170 884 1254 946 duo-

143 961 291 1024 decimus
314 961 411 1023 iuret.

212 1046 288 1098 Inter
303 1043 348 1096 FIi
367 1052 396 1095 et
413 1040 560 1096 Sinctalam
577 1042 748 1110 weregildus
764 1040 864 1096 nobilis
884 1043 915 1097 C.
933 1043 1030 1108 solidi,
1048 1043 1127 1100 liberi
1146 1047 1189 1114 L.‚
1208 1047 1254 1104 liti

245 1115 330 1169 XXV.
350 1113 434 1166 solid.
461 1112 566 1167 denarii
588 1116 640 1166 111.
668 1129 756 1167 novae
777 1121 911 1168 monetae.
957 1118 1033 1168 Inter
1059 1118 1199 1174 Laubachi
1224 1128 1254 1174 et

245 1185 378 1238 Wisaram
396 1183 546 1251 Weregild.
571 1183 672 1238 nobilis
691 1184 761 1239 CVI.
779 1184 877 1248 solidi,
906 1192 935 1238 et
951 1183 1006 1238 duo
1024 1186 1146 1254 denarii,
1172 1189 1253 1254 Ifdreri

245 1253 323 1308 LIII.
342 1253 423 1307 solidi
443 1262 471 1306 et
488 1253 635 1317 denarius,
662 1253 705 1306 liti
729 1253 833 1310 XXVI.
859 1253 940 1308 solidi
962 1253 1003 1328 (et
1020 1257 1148 1312 dimidins
1166 1259 1200 1330 v)
1223 1264 1252 1316 ci

247 1322 374 1376 dimidius
392 1323 530 1378 tremissis.

222 1392 285 1458 XI.
328 1393 362 1455 Si
384 1394 456 1476 quia
473 1392 570 1460 bomo
590 1393 658 1457 sive
680 1392 821 1474 nobilis,
850 1393 917 1458 sire
940 1394 1138 1474 liber‚,sive
1154 1397 1250 1478 litus,

139 1477 209 1540 sive
230 1475 326 1539 etiarn
344 1497 456 1538 servus
465 1520 475 1553 ‚
488 1476 630 1546 ,alterius
643 1498 772 1540 servum
787 1476 959 1558 occiderit,
981 1489 1153 1562 componat
1165 1501 1251 1562 enm,

140 1559 231 1622 iuxta
254 1559 342 1642 quod
359 1558 461 1620 fuerit
481 1559 695 1644 adpretiatus,
724 1568 757 1624 et
786 1558 935 1622 dominns
960 1560 1046 1641 eius,
1070 1561 1169 1648 ipsine
1188 1570 1251 1644 w),

139 1641 237 1727 pretii
259 1662 334 1702 enm
357 1642 456 1716 fnisse
478 1650 676 1703 sacramento
697 1663 755 1704 suo
777 1641 934 1704 iuraverit
953 1651 1003 1719 x).

222 1724 299 1789 XII.
342 1724 439 1802 Quod
468 1722 495 1785 si
516 1723 682 1805 quaelibet
699 1746 740 1786 ex
760 1725 932 1807 praedictis
946 1725 1093 1807 personia
1112 1724 1175 1790 boc
1187 1726 1250 1790 bo·

139 1805 309 1880 micidinm
329 1826 363 1867 se
389 1809 587 1890 perpetrasse
610 1807 796 1890 negaverit,
826 1807 917 1868 iuxta
936 1809 1025 1889 qnod
1039 1825 1249 1893 samarapro·

138 1889 179 1950 tii
201 1888 301 1951 occisi
330 1887 485 1972 mancipii
504 1887 605 1950 fuerit
629 1889 811 1968 aestimata,
833 1888 947 1950 maiori
972 1891 1025 1955 vel
1048 1891 1169 1957 minori
1195 1915 1250 1975 *t

140 1980 303 2034 eramento
324 1992 358 2032 se
384 1991 537 2034 excusare
558 1970 699 2034 debebit.

209 2055 288 2106 Inter
305 2051 448 2108 Laubachi
468 2062 496 2107 et
513 2053 647 2110 Wisaram
666 2071 743 2108 suana
760 2053 844 2107 babet
861 2051 1092 2124 competitionem.
1131 2091 1137 2110 .
1193 2093 1244 2124 η

221 2124 314 2186 XIII.
356 2125 391 2185 Si
423 2145 535 2188 serras
566 2124 728 2203 nobilem,
769 2147 828 2188 sen
856 2124 1015 2200 liberum,
1054 2116 1110 2186 ant
1132 2119 1247 2210 Iitnr'n',

23 2263 25 2270 .
139 2204 305 2270 nesciente
330 2206 461 2272 domino
473 2205 644 2285 occiderit,
665 2205 814 2268 dominns
827 2205 915 2284 eius,
936 2203 1158 2290 cuiuscunque
1172 2230 1248 2294 99⁸²:

139 2289 273 2352 ditionis
301 2291 401 2352 fuerit
422 2290 520 2351 bomo
544 2288 601 2370 qui
630 2287 753 2351 occisus
783 2299 849 2364 est,
891 2287 995 2365 iuret,
1030 2288 1093 2354 boe
1116 2311 1150 2354 se
1180 2284 1247 2370 posit

138 2372 286 2454 iussisse,
325 2382 360 2437 et
382 2373 537 2436 mulctam
561 2371 632 2436 eins
660 2392 720 2458 pro
753 2391 866 2450 servo,
901 2370 951 2434 bis
974 2369 1125 2456 simplum
1159 2371 1248 2438 eorn-

160 2465 244 2522 onet.

135 2478 157 2540 Ρ
218 2537 313 2604 XIV.
354 2537 421 2601 Aut
443 2536 470 2600 si
489 2532 532 2620 y)
554 2557 663 2600 servus
684 2536 746 2600 boc
777 2557 811 2599 ee
836 2534 924 2600 iussa
945 2534 1069 2600 domini
1086 2536 1137 2605 eni
1154 2537 1248 2612 feries

135 2641 171 2682 ae
198 2621 335 2702 dixerit,
370 2631 403 2686 et
432 2619 583 2684 dominns
609 2640 676 2681 non
699 2618 883 2702 negaverit,
918 2618 1020 2682 solvat
1039 2641 1131 2697 enm,
1163 2621 1247 2688 sicut

136 2723 235 2764 manu
247 2715 279 2778 z)
298 2727 355 2766 sna
373 2703 560 2780 occidisset,
582 2702 650 2765 sire
668 2703 804 2780 nobilis,
827 2699 893 2763 sire
907 2700 1008 2780 liber,
1025 2700 1090 2764 sire
1101 2703 1246 2782 litassjt.

218 2787 291 2852 XV.
331 2787 374 2847 Et
399 2786 427 2848 si
449 2805 560 2848 servus
594 2783 657 2848 hoc
684 2807 719 2849 se
746 2791 947 2871 perpetrasse
980 2784 1167 2868 negaverit.
1191 2778 1247 2846 do·

136 2863 245 2928 minue
273 2866 343 2930 eius
362 2869 450 2930 iuret
465 2888 525 2950 pro
548 2865 618 2934 illo.
912 2889 914 2894 ·

220 2947 311 3013 XVI.
352 2951 388 3012 si
417 2949 537 3012 nobilis
560 2958 646 3026 erat,
672 2947 729 3032 qui
751 2946 874 3010 occisus
900 2957 963 3028 est,
994 2956 1027 3011 et
1048 2945 1168 3010 nobilis
1187 2945 1244 3010 iIle

137 3029 230 3093 caius
256 3053 368 3094 servus
397 3040 460 3109 est,
483 3052 556 3092 cum
581 3031 682 3092 tribus
700 3032 981 3093 sacramentalibus
1005 3031 1101 3093 iuret.
1129 3054 1132 3061 ·
1185 3044 1240 3088 tra*

219 3114 325 3182 XVII.
366 3113 401 3176 Si
417 3113 502 3176 liber
522 3121 607 3190 erat,
629 3113 686 3195 qui
706 3114 830 3176 occisus
851 3123 918 3192 est,
941 3113 1019 3175 duas
1035 3121 1244 3196 partesprae·

137 3195 217 3260 dicti
243 3196 434 3259 sacramenti
448 3216 523 3258 cum
542 3195 666 3256 dnobus
684 3196 864 3273 nobilibus,
887 3205 920 3257 et
937 3217 1005 3256 uno
1028 3196 1243 3260 literaturae

218 3280 338 3346 XVIII.
381 3279 416 3340 Si
435 3279 512 3341 litus
536 3287 619 3358 erat,
649 3277 718 3361 ipse
736 3279 940 3340 medietatem
959 3278 1243 3342 sacramenti‘m

136 3384 204 3425 nno
230 3363 290 3424 lito
313 3363 408 3428 iuret.
1141 3385 1142 3392 ¹

155 3454 160 3464 '
218 3445 305 3508 XIX.
346 3445 381 3505 Si
407 3442 557 3506 dominus
579 3440 664 3505 servi
695 3440 780 3502 liber
800 3449 864 3518 est,
895 3448 926 3501 et
948 3440 1083 3521 nobilis,
1113 3441 1244 3525 esaieae·

72 3569 75 3576 ι
136 3527 220 3590 cisus
243 3535 306 3606 est,
329 3549 386 3589 sua
409 3537 499 3590 sexta
513 3547 627 3603 mann,
647 3545 707 3606 pro
728 3545 820 3584 servo
840 3535 1072 3586 sacramentum
1086 3525 1241 3606 perficiat
1268 3522 1270 3525 ’

98 3625 101 3634 ’
218 3610 296 3676 XX.
337 3612 372 3672 si
406 3630 481 3671 suae
510 3607 723 3684 conditionis,
769 3605 804 3666 id
834 3616 899 3684 est,
928 3605 1017 3669 'liber
1042 3615 1127 3685 erat,
1165 3627 1241 3686 cunr

134 3694 238 3757 tribus
269 3712 371 3776 aeque
389 3691 501 3753 liberis
528 3693 623 3755 iuret.

217 3775 303 3839 XXI.
346 3775 381 3835 si
402 3775 478 3835 litus
498 3781 582 3850 erat,
605 3793 679 3832 cum
704 3789 769 3830 uno
788 3767 890 3831 libero
906 3768 1127 3831 sacramentali
1144 3768 1239 3838 iuret.

204 3861 280 3912 Inter
294 3856 471 3911 Laubachum
489 3866 517 3909 et
529 3856 679 3916 wisuram,
699 3852 826 3906 dominus
842 3854 910 3908 servi
928 3867 985 3905 non
1001 3852 1088 3916 iuret,
1106 3853 1155 3906 sed
1166 3867 1241 3910 comt·

224 3925 326 3997 'ponat
344 3944 423 3990 eum,
452 3943 485 3978 ac
502 3928 525 3978 si
547 3926 606 3997 ipre
622 3941 684 3976 eum
704 3923 856 3976 occidisset.

202 4120 240 4186 v)
259 4120 367 4172 Desunt
393 4120 423 4174 in
449 4118 529 4173 Lind.
567 4116 711 4172 Habentur
733 4125 824 4170 tamen
849 4115 921 4186 apud
941 4113 1052 4170 Herold.
1074 4120 1102 4166 et
1125 4111 1237 4169 siccam.

134 4190 177 4256 w)
196 4189 272 4242 Lind.
292 4191 379 4244 istius.
448 4191 480 4261 a)
497 4189 574 4244 tint.
599 4191 679 4244 iuret.
745 4187 780 4258 y)
801 4188 877 4242 lind.
899 4190 934 4240 At
950 4188 985 4244 si.
1053 4183 1081 4254 n)
1099 4177 1238 4258 Lind..ei;

135 4273 181 4314 cut
197 4263 222 4316 ri
238 4275 329 4325 mauu.
490 4289 492 4293 ·
1099 4297 1123 4328 ,4
1153 4293 1188 4334 „g
1204 4302 1228 4328 ἰ,

926 4335 974 4404 28
