2900 5020
387 317 492 373 nnsis
510 313 801 370 nuacuumouuu
822 315 894 370 rar.
913 314 1007 370 xnu.
1198 297 1274 374 327

152 457 203 520 bri
218 474 389 540 percussus
419 455 595 518 sineoerta
617 453 783 518 debilitate
798 453 994 538 perdiderit,
1018 453 1175 520 decimam
1195 479 1272 542 par-

152 550 217 602 tem
244 538 343 622 pretii
364 536 433 599 eius
455 540 636 600 secundum
660 539 848 622 qualitatem
871 558 1048 622 personae,
1076 540 1162 604 sicut
1184 555 1273 605 ante.

150 623 291 686 rioribus
310 619 436 703 legibus
452 621 589 683 docetur
606 621 804 705 adscriptum
825 633 877 698 r),
898 629 1012 681 auctor
1032 623 1113 684 facti
1136 636 1271 711 cogatur

151 706 468 852 exsoliirebimilem
488 806 619 869 quoque
640 757 881 863 conditionem,
910 784 937 846 si
964 787 1046 850 alter
1068 789 1200 854 alterius
1228 791 1273 856 ti-

150 872 265 950 biam,
288 892 325 932 ea
346 893 410 954 qua
431 870 553 931 dictum
573 878 621 931 est
639 871 819 965 temeritate
838 872 1033 952 percusserit
1052 873 1273 958 fregeritque,

40 969 42 972 '
151 955 442 1038 incompositione
464 951 609 1015 criminis
631 953 847 1035 praecipimus
876 953 1040 1014 custodiri.

234 1038 297 1100 Ill.
339 1039 492 1100 Ceterum
516 1035 543 1097 si
575 1043 631 1096 aut
658 1034 829 1096 brachium
859 1033 1083 1118 cuiuscunque
1114 1048 1169 1100 aut
1190 1039 1270 1104 tibia

151 1121 336 1204 supradicto
360 1119 473 1181 ordine
490 1119 609 1194 fracta,
632 1127 665 1179 et
685 1117 834 1181 evidenti
858 1117 984 1180 fuerint
1004 1119 1169 1184 debilitate
1184 1122 1269 1186 dam-

142 1215 247 1283 nata,
281 1226 318 1266 ea
334 1201 575 1285 compositionis
595 1202 699 1262 forma
715 1200 915 1278 servabitur,
948 1222 1031 1283 quae
1052 1212 1127 1266 ante
1140 1204 1270 1270 latiale-

152 1289 244 1374 gibus
263 1286 387 1369 legitur
403 1285 503 1346 fuisse
523 1284 662 1346 decreta.
735 1352 737 1362 Ι

234 1368 295 1434 lV.
335 1372 490 1432 Ceterum
512 1366 538 1428 si
559 1366 750 1449 quicunque
773 1366 807 1427 in
826 1386 895 1428 rem
916 1387 1005 1428 suam
1027 1367 1189 1433 violenter
1212 1393 1267 1438 re.

149 1453 284 1530 sistens,
305 1451 387 1514 baec
410 1471 494 1533 quae
515 1449 600 1512 dicta
628 1461 722 1528 suut,
763 1471 805 1513 ex
830 1450 1020 1512 necessitate
1052 1453 1266 1536 commiserit,

148 1537 176 1599 is
198 1536 256 1619 qui
278 1535 420 1598 inlaesus
437 1533 646 1611 abscesserit,
677 1532 883 1594 medietatem
913 1540 1048 1595 statutae
1070 1535 1266 1618 solutionis,

147 1628 246 1704 prout
270 1618 439 1680 diversitas
466 1616 582 1698 culpae
604 1616 807 1700 poposcerit,
831 1615 1019 1678 imminente
1040 1615 1149 1706 iudice
1170 1641 1268 1704 coga-

148 1713 202 1763 tur
222 1702 356 1769 inferre.
1275 1702 1277 1711 ‘

149 1823 239 1893 Tm.
269 1820 415 1897 XLIX.
440 1821 499 1891 De
530 1818 746 1891 animalibus
774 1820 945 1888 damnum
983 1817 1199 1892 facientibus
1224 1822 1263 1896 in

254 1923 424 1990 clausura
448 1923 588 2008 missis,
626 1945 690 1990 seu
709 1919 858 1989 caballis
880 1920 1169 2012 pervagantibus.
1262 1929 1265 1938 '

230 2048 257 2114 Ι.
299 2049 350 2110 Ad
371 2048 544 2110 utilitatem
565 2058 597 2110 et
618 2047 762 2130 quietem
778 2056 904 2109 constat
921 2047 1065 2109 omnium
1085 2050 1262 2133 pertinere,

147 2140 184 2194 ut
199 2131 238 2194 de
253 2131 391 2214 singulis
412 2133 662 2215 quibuscunque
683 2130 785 2193 causis
803 2130 962 2212 generalis
980 2131 1132 2194 diffinitio
1150 2137 1263 2218 prose-
1280 2195 1286 2212 .-

147 2225 255 2294 ratur,
291 2215 404 2297 sicque
439 2217 511 2294 fiat,
547 2225 584 2276 ut
618 2215 766 2275 locorum
802 2214 934 2275 comites
964 2223 1061 2296 atque
1085 2209 1289 2298 praepositi¹

147 2307 368 2380 competenter
396 2298 545 2361 instructi
576 2297 761 2361 evidentius
786 2296 959 2359 indicanda
981 2306 1185 2381 cognoscant.
1227 2301 1263 2362 si

142 2381 220 2464 quis
240 2381 342 2478 igitur
369 2381 527 2461 caballos,
564 2390 619 2443 aut
648 2381 764 2458 boves,
797 2388 853 2440 aut
872 2401 1086 2465 quaecunque
1109 2383 1262 2446 animalia

145 2464 248 2526 vicini
276 2474 331 2525 aut
353 2465 512 2528 consortis
538 2465 589 2527 sui
615 2465 767 2526 damnum
794 2463 854 2524 sibi
886 2461 1037 2524 facientia
1060 2465 1104 2526 ad·
1130 2467 1262 2528 domum

145 2569 236 2609 suam
256 2549 439 2610 claudenda
460 2548 674 2630 perduxerit,
706 2569 743 2608 ac
763 2545 809 2607 sic
833 2567 889 2624 ea,
920 2545 1109 2629 priusquam
1134 2549 1175 2610 ad
1200 2549 1261 2611 do·

146 2631 272 2691 minum
293 2631 437 2714 ipsorum
461 2632 604 2694 directus
619 2629 719 2714 possit
736 2629 876 2690 nuncius
897 2631 1089 2710 pervenire,
1117 2630 1262 2694 incendii

145 2734 237 2774 casus
258 2715 392 2792 evertit,
414 2715 620 2776 medietatem
639 2733 752 2776 eorum
772 2713 900 2775 clausor
918 2713 1080 2792 exsolvat,
1110 2712 1261 2798 nihilque

145 2795 185 2854 ab
205 2816 244 2856 eo
264 2796 400 2876 amplius
424 2798 616 2880 postuletur.

230 2877 274 2938 ll.
317 2880 440 2940 Verum
457 2880 483 2943 si
498 2879 647 2940 animalia
663 2878 698 2939 iu
717 2879 865 2942 clausura
881 2874 1030 2955 redacta,
1052 2876 1106 2940 die
1118 2887 1150 2940 et
1165 2888 1261 2942 nocto

145 2959 270 3020 fuerint
301 2970 445 3038 retenta,
490 2972 523 3024 et
550 2963 682 3024 domino
714 2984 825 3024 eorum
851 2960 1016 3042 actorique
1044 2979 1131 3038 rem,
1163 2961 1209 3040 is,
1242 2984 1260 3024 a
1285 3021 1286 3027 ,

147 3053 266 3122 quos)
297 3043 515 3120 tenebuntur,
549 3046 631 3106 scire
654 3067 719 3106 non
740 3045 875 3122 fecerit,
903 3051 936 3104 et
961 3043 1261 3127 qualibetpo'stmo·

148 3126 226 3185 dum
249 3126 417 3187 occasione
442 3127 615 3210 perierint,
638 3129 745 3189 omnia
767 3128 806 3187 ab
823 3127 910 3209 ipso,
932 3125 989 3206 qui
1016 3146 1055 3186 ea
1080 3135 1189 3189 tacens
1209 3149 1259 3190 re·

148 3207 301 3280 tinuerit,
326 3209 554 3269 reformentur.
598 3211 677 3270 Nam
705 3211 732 3271 si
754 3209 812 3271 ille
833 3210 874 3269 ad
898 3230 997 3291 quam
1014 3207 1165 3270 animalia
1187 3231 1259 3293 par·

146 3290 300 3351 tinebant
321 3291 505 3353 admonitus
529 3293 646 3370 fuerit,
670 3302 706 3354 ut
735 3315 772 3354 ca
795 3291 879 3354 sicut
897 3290 977 3352 ordo
1007 3293 1149 3372 postulat
1164 3301 1256 3355 taxa-

146 3380 179 3431 ta
200 3374 288 3455 prius
319 3374 428 3435 damni
453 3375 610 3437 iulatione
633 3376 785 3458 recipiat,
807 3374 906 3456 idque
936 3372 1042 3434 facere
1073 3374 1260 3440 inconsulta

146 3456 302 3518 abusione
332 3459 526 3535 tardaverit,
559 3467 591 3518 et
626 3459 704 3519 dum
722 3459 807 3518 intra
838 3460 1019 3518 clausuram
1054 3459 1257 3538 retinentur,

145 3558 253 3602 casum
284 3541 396 3604 mortis
422 3551 478 3603 aut
504 3541 679 3604 debilitatis
718 3539 932 3617 incurrerint,
979 3539 1101 3600 nullam
1136 3543 1256 3605 exinde

66 3685 68 3690 ,
144 3622 564 3708 calumniam,nullumque
578 3624 748 3686 solutionis
763 3621 969 3704 dispendium
991 3623 1017 3684 is
1039 3645 1056 3682 a
1075 3644 1141 3704 quo
1160 3631 1186 3703 t)
1207 3647 1257 3688 re·
1368 3649 1371 3656 ’
1441 3591 1442 3627 l

142 3713 234 3767 tenta
264 3707 410 3786 fuerint,
444 3709 593 3792 patiatur.
637 3711 744 3786 Quam
771 3706 904 3789 quidem
928 3725 998 3768 rem
1017 3705 1104 3766 inter
1127 3727 1258 3772 consor·

144 3793 248 3850 tes'et
277 3789 404 3853 ricinos
429 3792 647 3874 praecipimus
675 3790 840 3854 custodiri.

216 3869 289 3941 tlt.
330 3875 484 3936 Ceterum
506 3875 545 3936 de
580 3874 732 3936 iumentis
759 3881 791 3934 ot
818 3870 1010 3936 animalibus
1037 3871 1185 3954 longius,
1222 3884 1261 3937 ut

143 3950 226 4014 solet
248 3953 338 4032 fieri,
383 3957 652 4039 pervagantibus,
685 3956 773 4040 qnod
797 3956 887 4041 prius
910 3964 1062 4018 statutum
1085 3965 1150 4034 est,
1184 3956 1268 4023 uuir

142 4175 144 4182 ·
212 4151 243 4218 r)
262 4151 302 4204 bl.
321 4165 470 4222 exceptum.
541 4154 570 4218 s)
585 4153 631 4205 ill.
651 4171 712 4206 mss.
731 4142 1014 4210 dominorum'eorum
1029 4163 1154 4206 actorum
1173 4172 1263 4225 ‹praue--

142 4235 205 4272 rens
227 4221 250 4273 is
268 4241 287 4272 a
310 4240 364 4292 quo
387 4235 436 4275 etc.
474 4221 518 4278 Al.
546 4221 685 4276 dominum
713 4242 806 4277 eorum
824 4237 998 4296 actoremque
1028 4224 1076 4276 retl
1088 4226 1131 4284 is,
1166 4243 1183 4275 a
1200 4244 1255 4295 quo

140 4301 192 4343 stc.
262 4292 284 4362 t)
309 4292 350 4344 Al.
387 4293 554 4354 calumniam
575 4295 721 4347 solutionis
747 4307 798 4348 aut
818 4293 989 4366 dispendium
1017 4295 1041 4348 is
1066 4313 1085 4349 a
1109 4311 1181 4366 quo„
