2876 4992
152 581 294 714 PondtiI·
336 651 369 710 Si
400 671 511 712 nusum
541 649 735 725 excusserit,
764 657 801 708 nt
823 668 970 708 mereare
997 674 1062 713 non
1080 648 1181 735 possit
1202 654 1262 734 b),

154 746 285 800 centum
305 734 415 803 solidis
441 732 612 816 culpabitis
634 733 803 792 iudicetur.
823 757 824 762 ¹
848 730 881 790 si
904 752 1051 796 inuocare
1075 737 1261 818 prae„1e,‚

152 817 389 907 ¹quinquaginta
408 817 527 877 solidos
550 823 729 896 componat.
1117 827 1120 832 ·
1168 821 1171 828 ·

153 961 155 966 ,
242 901 303 962 ttl.
345 899 379 960 si
396 899 468 979 quis
488 899 646 979 ingenuus
665 897 807 978 ingenuo
825 897 955 956 oculum
974 901 1167 972 excusserit,
1190 923 1265 962 cen·
1362 901 1365 912 ’

154 994 224 1044 tum
240 983 349 1046 solidis
364 981 533 1064 culpabilis
553 980 723 1043 iudicetur.
767 980 799 1037 Si
819 979 903 1040 risus
924 981 957 1038 in
978 985 1073 1042 oculo
1089 983 1262 1056 restiterit,

150 1069 200 1126 ita
229 1075 265 1126 ut
294 1065 406 1127 videre
425 1063 535 1146 possit
566 1069 601 1134 c)
622 1061 856 1144 quinquaginta
884 1063 995 1126 solidis
1020 1066 1189 1148 culpabilis
1217 1067 1264 1126 iu·

156 1150 292 1212 mmmm
544 1208 550 1218 „
1047 1157 1048 1160 ’

251 1231 306 1295 lV.
349 1229 383 1290 si
410 1225 540 1290 menum
568 1226 766 1302 excusserit,
799 1236 931 1286 eentum
960 1227 1070 1288 solidis
1095 1229 1265 1310 culpabilis

157 1314 330 1377 iudicetur.
381 1313 415 1372 Si
436 1333 548 1372 manus
579 1309 698 1371 ibidem
724 1329 837 1368 manca
859 1311 1072 1394 pependerit,
1090 1314 1264 1396 'quinqua-

158 1399 246 1482 ginta
267 1395 387 1458 solidos
409 1401 588 1476 componat.
1016 1421 1019 1424 ·

155 1482 163 1494 '
244 1475 284 1538 V.
328 1477 448 1560 Siquis
468 1476 626 1559 ingenuus
644 1475 785 1558 ingenuo
802 1475 953 1557 pollicem
965 1479 1151 1557 excusserit,
1167 1479 1267 1561 quin,

159 1560 312 1643 quaginta
330 1560 442 1620 solidis
457 1558 628 1642 culpabilis
651 1557 822 1619 iudicetur.
865 1560 961 1636 Quod
978 1562 1004 1622 si
1020 1563 1131 1644 pollex
1146 1562 1267 1631 ibidem

157 1657 291 1720 maneus
320 1641 525 1725 pendiderit,
556 1640 673 1726 viginti
704 1640 865 1732 quinques
880 1643 991 1716 solidis
1010 1642 1184 1736 culpabilis
1213 1645 1266 1704 iu-

163 1728 299 1790 dicetur,
832 1767 834 1773 .
860 1733 863 1737 “
916 1731 921 1738 “
1040 1731 1045 1740 ”
1109 1728 1113 1740 ¹
1150 1723 1170 1742 '²'

258 1807 315 1873 Vt.
357 1807 410 1868 Sic
434 1808 468 1866 in
497 1803 585 1866 omni
608 1803 835 1883 mancatione,
864 1807 891 1870 si
914 1808 1093 1885 membrum
1116 1828 1266 1871 mancum

158 1889 346 1972 pendiderit
376 1890 434 1969 d),
457 1890 661 1950 medietatem
682 1899 972 1972 componutquam
994 1913 1185 1976 componere
1207 1891 1267 1954 de-

158 1974 291 2049 buerat,
313 1973 339 2034 si
360 1973 464 2053 ipsum
482 1971 660 2032 membrum
678 1973 850 2034 abscissum
864 1974 987 2041 fuisset.

108 2120 110 2129 Α
159 2110 163 2116 .
206 2070 209 2075 ’
242 2055 316 2120 VH.
359 2057 392 2115 Si
423 2055 583 2116 secundus
614 2053 751 2136 digitus,
781 2055 867 2115 unde
900 2056 1083 2140 sagittatur,
1115 2078 1268 2124 excussus.

159 2137 280 2212 fuerit,
302 2138 433 2222 triginta
454 2159 510 2198 sex
527 2144 565 2209 e)
584 2136 695 2198 solidis
714 2147 932 2218 componatur.

243 2221 333 2285 vut.
376 2220 496 2300 siquis
518 2219 676 2300 ingenuus
695 2219 838 2303 ingenuo
858 2222 975 2302 pedem
989 2221 1175 2300 excusserit,
1187 2227 1268 2284 ¹ean·

161 2313 230 2364 tum
253 2303 372 2364 solidos
395 2311 573 2384 componet.
595 2316 596 2323 ’
615 2301 647 2362 Si
680 2324 734 2382 pes
764 2324 894 2370 mancus
921 2303 1041 2368 ibidem
1060 2305 1265 2388 pendiderit,

160 2381 396 2468 quinquaginta
412 2385 522 2446 solidis
539 2382 710 2467 culpabilis
730 2384 901 2452 iudicetur.
1175 2459 1177 2464 Α

111 2462 118 2487 “
244 2466 304 2534 lX.
347 2469 381 2526 Si
404 2467 576 2526 articulum
597 2468 854 2549 qualemcunque
876 2465 1108 2553 amputaverit,
1134 2468 1267 2551 triginta

110 2546 128 2562 ”
161 2572 218 2612 sex
231 2548 276 2630 f)
296 2550 407 2612 solidis
423 2549 592 2630 culpabitis
609 2549 780 2615 iudicetur.
1211 2551 1218 2576 ⁷

169 2673 171 2678 κ
245 2634 282 2695 X.
324 2634 387 2694 Ista
414 2633 521 2693 omnia
550 2631 577 2694 si
603 2633 789 2716 negaverit,
818 2655 893 2694 cum
911 2653 968 2696 sex
989 2633 1074 2694 iuret
1093 2633 1266 2723 qnod'hoe

164 2736 230 2774 non
251 2715 388 2782 fecisset.

426 2833 516 2904 ΤιΤ.
542 2833 608 2906 VI.
658 2833 718 2902 De
742 2833 971 2908 castratione.

242 2953 274 3013 Si
292 2953 365 3036 quis
383 2953 543 3036 ingenuus
560 2953 737 3036 ingenuum
759 2953 963 3030 castraverit,
986 2952 1133 3026 ducentis
1152 2955 1267 3039 putidis

162 3037 333 3120 culpabilis
345 3037 517 3103 iudicetur.
538 3035 602 3100 Aut
620 3036 646 3096 si
664 3036 842 3118 negaverit,
864 3057 937 3101 cum
951 3036 1120 3101 duodecim
1131 3039 1267 3116 g2iuret.

309 3155 397 3222 Tt'r·
423 3154 508 3226 VH·
556 3153 615 3222 De
643 3154 838 3222 homicidio
863 3152 1116 3242 ingenuorum.

131 3311 132 3314 =
160 3281 163 3285 ’
246 3273 368 3355 Siquis
387 3270 547 3353 ingenuus
566 3270 731 3332 hominem
750 3272 791 3342 b)
813 3270 990 3350 ingenuum
1008 3272 1269 3354 Ripuariu'min-

162 3357 347 3434 terfecerit,
370 3353 517 3416 ducentis
548 3354 658 3414 solidis
688 3356 719 3428 i)
747 3352 916 3437 culpabilis
938 3353 1109 3420 iudicetur.
1150 3359 1216 3422 Aut
1240 3359 1269 3420 si

164 3439 424 3521 negaveritcum
445 3436 615 3498 duodecim
638 3435 670 3514 t)
692 3435 785 3502 iuret.
1069 3455 1072 3462 ’

319 3555 410 3630 ΤιΤ.
434 3555 541 3630 thl.
590 3555 648 3624 De
674 3555 875 3624 homicidiis
901 3580 1104 3636 servorum,

137 3675 145 3685 '
248 3674 281 3734 Si
299 3674 371 3756 quis
387 3695 514 3735 serrum
534 3671 751 3750 interfecerit,
773 3673 904 3754 triginta
925 3696 982 3736 sex
1001 3675 1111 3737 solidis
1127 3677 1270 3759 culpabi-

163 3758 205 3820 lis
225 3757 407 3834 iudicetur,
437 3765 492 3816 aut
510 3757 543 3828 l)
571 3777 644 3817 eum
666 3777 722 3816 sex
746 3755 831 3816 iuret
854 3757 943 3843 quod
963 3757 1025 3820 hoc
1045 3761 1271 3829 coniecisset.
1374 3793 1377 3800 .

176 3913 612 3930 -ῇ-ῌΜ

117 4047 120 4050 .
233 4001 271 4065 b)
291 4001 373 4053 Goth.
395 4001 427 4051 Ut
445 4015 566 4050 maccam
585 4000 704 4052 retinere
723 4017 780 4050 non
795 3984 900 4068 paiste,
920 4001 948 4051 t.
966 3999 1015 4052 sol.
1035 3997 1181 4068 cuiptiud.
1230 4001 1269 4064 e)

163 4071 277 4124 Hernici·
294 4073 385 4124 videre
408 4087 466 4119 non
487 4073 579 4130 possit.
617 4069 686 4122 Cod.
712 4067 842 4121 Corbion.
871 4069 962 4122 videre
981 4087 1041 4121 uon
1060 4080 1213 4146 poteratne
1231 4069 1272 4130 d)

164 4137 309 4210 tint-tentis.
325 4139 493 4212 pependerit.
530 4139 564 4210 e)
583 4140 673 4197 Guelf.
690 4140 806 4192 XXXV.
838 4141 984 4210 f)Guelf·.
1002 4139 1091 4192 XXX
1117 4140 1273 4210 *gssssueli‘

165 4229 224 4262 carn
254 4211 334 4281 Vm.
363 4207 530 4332 bpl'Herold.
560 4210 647 4261 homo.
701 4212 713 4260 i
730 4223 737 4261 t
768 4208 876 4274 Herold.
906 4211 983 4280 CCC.
1009 4213 1059 4263 sol.
1113 4210 1275 4280 lib-'Guelti
1364 4213 1367 4220 ’

165 4299 224 4333 ema
246 4280 302 4334 VH.
339 4279 383 4335 Sic
407 4280 462 4339 ard.
481 4280 653 4335 eaanlIL
683 4278 800 4349 l)bind.
820 4279 896 4333 addit
905 4281 960 4334 su*
975 4284 1147 4356 rogaverat
1173 4283 1210 4330 ιι)
