<?xml version="1.0" encoding="UTF-8"?>
<!DOCTYPE html PUBLIC "-//W3C//DTD XHTML 1.0 Transitional//EN"
    "http://www.w3.org/TR/xhtml1/DTD/xhtml1-transitional.dtd">
<html xmlns="http://www.w3.org/1999/xhtml" xml:lang="en" lang="en">
 <head>
  <title>
</title>
<meta http-equiv="Content-Type" content="text/html;charset=utf-8" />
  <meta name='ocr-system' content='tesseract 3.04.00' />
  <meta name='ocr-capabilities' content='ocr_page ocr_carea ocr_par ocr_line ocrx_word'/>
</head>
<body>
  <div class='ocr_page' id='page_1' title='image "./corpusiurisgerm02visigoog/corpusiurisgerm02visigoog_0110.png"; bbox 0 0 2876 4992; ppageno 0'>
   <div class='ocr_carea' id='block_1_1' title="bbox 33 2546 707 2630">
    <p class='ocr_par' dir='ltr' id='par_1_1' title="bbox 33 2546 707 2630">
     <span class='ocr_line' id='line_1_1' title="bbox 33 2546 707 2630; baseline 0 -22"><span class='ocrx_word' id='word_1_1' title='bbox 33 2571 35 2608; x_wconf 71' lang='lat' dir='ltr'><strong>t</strong></span> <span class='ocrx_word' id='word_1_2' title='bbox 121 2546 163 2600; x_wconf 72' lang='lat' dir='ltr'><strong>les</strong></span> <span class='ocrx_word' id='word_1_3' title='bbox 180 2566 250 2607; x_wconf 88' lang='lat' dir='ltr'><strong>cum</strong></span> <span class='ocrx_word' id='word_1_4' title='bbox 268 2548 405 2609; x_wconf 85' lang='lat' dir='ltr'><strong>testibus</strong></span> <span class='ocrx_word' id='word_1_5' title='bbox 427 2569 501 2608; x_wconf 88' lang='lat' dir='ltr'><strong>eum</strong></span> <span class='ocrx_word' id='word_1_6' title='bbox 517 2569 630 2630; x_wconf 81' lang='lat' dir='ltr'><strong>rogare</strong></span> <span class='ocrx_word' id='word_1_7' title='bbox 653 2546 707 2608; x_wconf 88' lang='lat' dir='ltr'><strong>de-</strong></span> 
     </span>
    </p>
   </div>
   <div class='ocr_carea' id='block_1_2' title="bbox 414 273 1235 364">
    <p class='ocr_par' dir='ltr' id='par_1_2' title="bbox 414 273 1235 364">
     <span class='ocr_line' id='line_1_2' title="bbox 414 273 1235 364; baseline -0.016 -4"><span class='ocrx_word' id='word_1_8' title='bbox 414 297 919 364; x_wconf 74' lang='lat' dir='ltr'><strong>eemsssuema1euxxu.</strong></span> <span class='ocrx_word' id='word_1_9' title='bbox 1174 273 1235 360; x_wconf 68' lang='grc'><strong>69,</strong></span> 
     </span>
    </p>
   </div>
   <div class='ocr_carea' id='block_1_3' title="bbox 122 437 1242 1598">
    <p class='ocr_par' dir='ltr' id='par_1_3' title="bbox 122 437 1242 1598">
     <span class='ocr_line' id='line_1_3' title="bbox 122 437 1225 529; baseline -0.006 -23"><span class='ocrx_word' id='word_1_10' title='bbox 122 445 209 529; x_wconf 76' lang='lat' dir='ltr'><strong>quod</strong></span> <span class='ocrx_word' id='word_1_11' title='bbox 226 453 338 528; x_wconf 84' lang='lat' dir='ltr'><strong>partus</strong></span> <span class='ocrx_word' id='word_1_12' title='bbox 353 443 408 506; x_wconf 86' lang='lat' dir='ltr'><strong>ille</strong></span> <span class='ocrx_word' id='word_1_13' title='bbox 429 465 513 527; x_wconf 86' lang='lat' dir='ltr'><strong>puer</strong></span> <span class='ocrx_word' id='word_1_14' title='bbox 529 440 646 522; x_wconf 80' lang='lat' dir='ltr'><strong>fuerit,</strong></span> <span class='ocrx_word' id='word_1_15' title='bbox 668 441 708 502; x_wconf 88' lang='lat' dir='ltr'><strong>si·</strong></span> <span class='ocrx_word' id='word_1_16' title='bbox 735 440 869 503; x_wconf 84' lang='lat' dir='ltr'><strong>eusserit</strong></span> <span class='ocrx_word' id='word_1_17' title='bbox 884 437 1113 515; x_wconf 60' lang='lat' dir='ltr'><strong>(massanellus</strong></span> <span class='ocrx_word' id='word_1_18' title='bbox 1124 439 1225 521; x_wconf 80' lang='lat' dir='ltr'><strong>tritta)</strong></span> 
     </span>
     <span class='ocr_line' id='line_1_4' title="bbox 129 520 1225 608; baseline -0.001 -21"><span class='ocrx_word' id='word_1_19' title='bbox 129 529 191 588; x_wconf 88' lang='lat' dir='ltr'><strong>mili</strong></span> <span class='ocrx_word' id='word_1_20' title='bbox 216 527 401 588; x_wconf 85' lang='lat' dir='ltr'><strong>conditione</strong></span> <span class='ocrx_word' id='word_1_21' title='bbox 427 548 485 608; x_wconf 88' lang='lat' dir='ltr'><strong>pro</strong></span> <span class='ocrx_word' id='word_1_22' title='bbox 509 527 578 608; x_wconf 90' lang='lat' dir='ltr'><strong>ipso</strong></span> <span class='ocrx_word' id='word_1_23' title='bbox 605 545 706 607; x_wconf 87' lang='lat' dir='ltr'><strong>puero</strong></span> <span class='ocrx_word' id='word_1_24' title='bbox 735 525 833 589; x_wconf 86' lang='lat' dir='ltr'>CXX.</span> <span class='ocrx_word' id='word_1_25' title='bbox 852 523 925 585; x_wconf 88' lang='lat' dir='ltr'><strong>den.</strong></span> <span class='ocrx_word' id='word_1_26' title='bbox 950 520 1007 602; x_wconf 90' lang='lat' dir='ltr'><strong>qui</strong></span> <span class='ocrx_word' id='word_1_27' title='bbox 1027 521 1225 586; x_wconf 84' lang='lat' dir='ltr'><strong>faciuntsol.</strong></span> 
     </span>
     <span class='ocr_line' id='line_1_5' title="bbox 126 602 1228 690; baseline -0.007 -18"><span class='ocrx_word' id='word_1_28' title='bbox 126 609 188 674; x_wconf 84' lang='lat' dir='ltr'><strong>DC.</strong></span> <span class='ocrx_word' id='word_1_29' title='bbox 207 610 299 675; x_wconf 86' lang='lat' dir='ltr'><strong>solid.</strong></span> <span class='ocrx_word' id='word_1_30' title='bbox 319 608 486 690; x_wconf 84' lang='lat' dir='ltr'><strong>culpabilis</strong></span> <span class='ocrx_word' id='word_1_31' title='bbox 507 607 677 672; x_wconf 86' lang='lat' dir='ltr'><strong>iudicetur.</strong></span> <span class='ocrx_word' id='word_1_32' title='bbox 734 605 795 668; x_wconf 83' lang='lat'><em>111.</em></span> <span class='ocrx_word' id='word_1_33' title='bbox 809 605 894 686; x_wconf 85' lang='lat' dir='ltr'><strong>culp.</strong></span> <span class='ocrx_word' id='word_1_34' title='bbox 909 602 976 668; x_wconf 85' lang='lat' dir='ltr'><strong>iud.</strong></span> <span class='ocrx_word' id='word_1_35' title='bbox 1017 602 1051 662; x_wconf 89' lang='lat' dir='ltr'><strong>Si</strong></span> <span class='ocrx_word' id='word_1_36' title='bbox 1066 625 1228 666; x_wconf 79' lang='lat' dir='ltr'><strong>verecon-</strong></span> 
     </span>
     <span class='ocr_line' id='line_1_6' title="bbox 160 687 1228 772; baseline -0.004 -20"><span class='ocrx_word' id='word_1_37' title='bbox 160 694 199 752; x_wconf 85' lang='grc' dir='ltr'><strong>ΙΙ.</strong></span> <span class='ocrx_word' id='word_1_38' title='bbox 241 691 275 750; x_wconf 90' lang='lat' dir='ltr'><strong>Si</strong></span> <span class='ocrx_word' id='word_1_39' title='bbox 286 692 360 772; x_wconf 86' lang='lat' dir='ltr'><strong>quis</strong></span> <span class='ocrx_word' id='word_1_40' title='bbox 376 690 516 771; x_wconf 87' lang='lat' dir='ltr'><strong>puellam</strong></span> <span class='ocrx_word' id='word_1_41' title='bbox 529 690 612 748; x_wconf 86' lang='lat' dir='ltr'><strong>intra</strong></span> <span class='ocrx_word' id='word_1_42' title='bbox 625 690 708 749; x_wconf 89' lang='lat' dir='ltr'><strong>duo·</strong></span> <span class='ocrx_word' id='word_1_43' title='bbox 734 697 783 749; x_wconf 86' lang='lat' dir='ltr'><strong>tra</strong></span> <span class='ocrx_word' id='word_1_44' title='bbox 808 687 1009 750; x_wconf 81' lang='lat' dir='ltr'><strong>voluntatem</strong></span> <span class='ocrx_word' id='word_1_45' title='bbox 1036 687 1165 764; x_wconf 87' lang='lat' dir='ltr'><strong>domni,</strong></span> <span class='ocrx_word' id='word_1_46' title='bbox 1195 695 1228 748; x_wconf 90' lang='lat' dir='ltr'><strong>et</strong></span> 
     </span>
     <span class='ocr_line' id='line_1_7' title="bbox 127 768 1242 852; baseline -0.004 -18"><span class='ocrx_word' id='word_1_47' title='bbox 127 774 222 834; x_wconf 84' lang='lat' dir='ltr'><strong>decim</strong></span> <span class='ocrx_word' id='word_1_48' title='bbox 244 795 348 834; x_wconf 88' lang='lat' dir='ltr'><strong>anuos</strong></span> <span class='ocrx_word' id='word_1_49' title='bbox 366 794 467 852; x_wconf 85' lang='lat' dir='ltr'><strong>usqne</strong></span> <span class='ocrx_word' id='word_1_50' title='bbox 489 772 529 832; x_wconf 87' lang='lat' dir='ltr'><strong>ad</strong></span> <span class='ocrx_word' id='word_1_51' title='bbox 550 769 707 832; x_wconf 89' lang='lat' dir='ltr'><strong>duedeci—</strong></span> <span class='ocrx_word' id='word_1_52' title='bbox 735 791 852 852; x_wconf 84' lang='lat' dir='ltr'><strong>negare</strong></span> <span class='ocrx_word' id='word_1_53' title='bbox 870 768 1026 845; x_wconf 81' lang='lat' dir='ltr'><strong>voluerit,</strong></span> <span class='ocrx_word' id='word_1_54' title='bbox 1056 779 1089 830; x_wconf 89' lang='lat' dir='ltr'><strong>et</strong></span> <span class='ocrx_word' id='word_1_55' title='bbox 1109 769 1138 829; x_wconf 92' lang='lat' dir='ltr'><strong>ei</strong></span> <span class='ocrx_word' id='word_1_56' title='bbox 1159 770 1242 839; x_wconf 83' lang='lat' dir='ltr'><strong>fue-¹</strong></span> 
     </span>
     <span class='ocr_line' id='line_1_8' title="bbox 126 850 1226 935; baseline -0.004 -21"><span class='ocrx_word' id='word_1_57' title='bbox 126 854 558 935; x_wconf 77' lang='lat' dir='ltr'><strong>mumimpletumoceide&#39;rit,</strong></span> <span class='ocrx_word' id='word_1_58' title='bbox 573 851 706 920; x_wconf 85' lang='lat' dir='ltr'><strong>sol.CC.</strong></span> <span class='ocrx_word' id='word_1_59' title='bbox 727 853 778 914; x_wconf 72' lang='lat' dir='ltr'><strong>&#39;rit</strong></span> <span class='ocrx_word' id='word_1_60' title='bbox 800 850 1010 933; x_wconf 74' lang='lat' dir='ltr'><strong>adprobatum</strong></span> <span class='ocrx_word' id='word_1_61' title='bbox 1035 851 1170 933; x_wconf 88' lang='lat' dir='ltr'><strong>capitale</strong></span> <span class='ocrx_word' id='word_1_62' title='bbox 1193 852 1226 910; x_wconf 90' lang='lat' dir='ltr'><strong>in</strong></span> 
     </span>
     <span class='ocr_line' id='line_1_9' title="bbox 125 933 1230 1019; baseline -0.004 -21"><span class='ocrx_word' id='word_1_63' title='bbox 125 935 287 1019; x_wconf 87' lang='lat' dir='ltr'><strong>culpabilis</strong></span> <span class='ocrx_word' id='word_1_64' title='bbox 310 937 481 1012; x_wconf 81' lang='lat' dir='ltr'><strong>iudicetur.</strong></span> <span class='ocrx_word' id='word_1_65' title='bbox 735 935 844 995; x_wconf 89' lang='lat' dir='ltr'><strong>locum</strong></span> <span class='ocrx_word' id='word_1_66' title='bbox 860 933 1024 1010; x_wconf 81' lang='lat' dir='ltr'><strong>restituat,</strong></span> <span class='ocrx_word' id='word_1_67' title='bbox 1046 943 1077 993; x_wconf 87' lang='lat' dir='ltr'><strong>et</strong></span> <span class='ocrx_word' id='word_1_68' title='bbox 1096 933 1230 1016; x_wconf 86' lang='lat' dir='ltr'><strong>insuper</strong></span> 
     </span>
     <span class='ocr_line' id='line_1_10' title="bbox 160 1014 1227 1097; baseline -0.002 -19"><span class='ocrx_word' id='word_1_69' title='bbox 160 1021 215 1084; x_wconf 85' lang='grc' dir='ltr'><strong>ΙΙΙ.</strong></span> <span class='ocrx_word' id='word_1_70' title='bbox 256 1021 290 1078; x_wconf 94' lang='lat' dir='ltr'><strong>Si</strong></span> <span class='ocrx_word' id='word_1_71' title='bbox 312 1041 390 1080; x_wconf 82' lang='lat' dir='ltr'><strong>vero</strong></span> <span class='ocrx_word' id='word_1_72' title='bbox 408 1019 521 1079; x_wconf 78' lang='lat' dir='ltr'><strong>maiori</strong></span> <span class='ocrx_word' id='word_1_73' title='bbox 536 1027 636 1080; x_wconf 86' lang='lat' dir='ltr'><strong>aetate</strong></span> <span class='ocrx_word' id='word_1_74' title='bbox 653 1039 709 1078; x_wconf 89' lang='lat' dir='ltr'><strong>us·</strong></span> <span class='ocrx_word' id='word_1_75' title='bbox 735 1015 890 1078; x_wconf 85' lang='lat' dir='ltr'>MCCCC.</span> <span class='ocrx_word' id='word_1_76' title='bbox 913 1014 986 1076; x_wconf 90' lang='lat' dir='ltr'><strong>den.</strong></span> <span class='ocrx_word' id='word_1_77' title='bbox 1013 1015 1070 1097; x_wconf 89' lang='lat' dir='ltr'><strong>qui</strong></span> <span class='ocrx_word' id='word_1_78' title='bbox 1092 1017 1153 1082; x_wconf 85' lang='lat' dir='ltr'><strong>fac.</strong></span> <span class='ocrx_word' id='word_1_79' title='bbox 1168 1015 1227 1081; x_wconf 89' lang='lat' dir='ltr'><strong>sol.</strong></span> 
     </span>
     <span class='ocr_line' id='line_1_11' title="bbox 126 1097 1226 1183; baseline -0.002 -23"><span class='ocrx_word' id='word_1_80' title='bbox 126 1123 182 1183; x_wconf 88' lang='lat' dir='ltr'><strong>que</strong></span> <span class='ocrx_word' id='word_1_81' title='bbox 215 1101 254 1161; x_wconf 89' lang='lat' dir='ltr'><strong>ad</strong></span> <span class='ocrx_word' id='word_1_82' title='bbox 290 1103 522 1183; x_wconf 77' lang='lat' dir='ltr'><strong>sexagesimum</strong></span> <span class='ocrx_word' id='word_1_83' title='bbox 562 1123 707 1176; x_wconf 88' lang='lat' dir='ltr'><strong>annum,</strong></span> <span class='ocrx_word' id='word_1_84' title='bbox 736 1099 847 1162; x_wconf 88' lang='lat' dir='ltr'>XXX.</span> <span class='ocrx_word' id='word_1_85' title='bbox 874 1098 961 1178; x_wconf 87' lang='lat' dir='ltr'><strong>culp.</strong></span> <span class='ocrx_word' id='word_1_86' title='bbox 993 1097 1060 1159; x_wconf 88' lang='lat' dir='ltr'><strong>ind.</strong></span> <span class='ocrx_word' id='word_1_87' title='bbox 1092 1108 1226 1183; x_wconf 81' lang='lat' dir='ltr'><strong>excepto</strong></span> 
     </span>
     <span class='ocr_line' id='line_1_12' title="bbox 125 1180 1177 1266; baseline -0.003 -23"><span class='ocrx_word' id='word_1_88' title='bbox 125 1205 284 1266; x_wconf 85' lang='lat' dir='ltr'><strong>quousque</strong></span> <span class='ocrx_word' id='word_1_89' title='bbox 297 1194 423 1265; x_wconf 84' lang='lat' dir='ltr'><strong>partum</strong></span> <span class='ocrx_word' id='word_1_90' title='bbox 435 1184 554 1246; x_wconf 81' lang='lat' dir='ltr'><strong>habere</strong></span> <span class='ocrx_word' id='word_1_91' title='bbox 568 1183 711 1265; x_wconf 87' lang='lat' dir='ltr'><strong>potuerit</strong></span> <span class='ocrx_word' id='word_1_92' title='bbox 736 1204 804 1266; x_wconf 88' lang='lat' dir='ltr'><strong>cap.</strong></span> <span class='ocrx_word' id='word_1_93' title='bbox 823 1191 856 1243; x_wconf 89' lang='lat' dir='ltr'><strong>et</strong></span> <span class='ocrx_word' id='word_1_94' title='bbox 868 1180 1022 1246; x_wconf 85' lang='lat' dir='ltr'><strong>delatura.</strong></span> <span class='ocrx_word' id='word_1_95' title='bbox 1176 1197 1177 1202; x_wconf 74' lang='grc'>’</span> 
     </span>
     <span class='ocr_line' id='line_1_13' title="bbox 126 1263 710 1347; baseline -0.003 -21"><span class='ocrx_word' id='word_1_96' title='bbox 126 1266 289 1337; x_wconf 81' lang='lat' dir='ltr'><strong>occiderit,</strong></span> <span class='ocrx_word' id='word_1_97' title='bbox 316 1263 474 1332; x_wconf 83' lang='lat' dir='ltr'><strong>XXlVM.</strong></span> <span class='ocrx_word' id='word_1_98' title='bbox 490 1269 564 1331; x_wconf 89' lang='lat' dir='ltr'><strong>den.</strong></span> <span class='ocrx_word' id='word_1_99' title='bbox 583 1265 641 1347; x_wconf 90' lang='lat' dir='ltr'><strong>qui</strong></span> <span class='ocrx_word' id='word_1_100' title='bbox 664 1267 710 1324; x_wconf 84' lang='lat' dir='ltr'><strong>fa·</strong></span> 
     </span>
     <span class='ocr_line' id='line_1_14' title="bbox 126 1344 1228 1434; baseline -0.002 -26"><span class='ocrx_word' id='word_1_101' title='bbox 126 1349 208 1408; x_wconf 85' lang='lat' dir='ltr'><strong>ciunt</strong></span> <span class='ocrx_word' id='word_1_102' title='bbox 233 1347 328 1412; x_wconf 89' lang='lat' dir='ltr'><strong>solid.</strong></span> <span class='ocrx_word' id='word_1_103' title='bbox 358 1346 440 1412; x_wconf 78' lang='lat' dir='ltr'><strong>DC.¹</strong></span> <span class='ocrx_word' id='word_1_104' title='bbox 460 1349 629 1434; x_wconf 87' lang='lat' dir='ltr'><strong>culpabilis</strong></span> <span class='ocrx_word' id='word_1_105' title='bbox 662 1348 710 1408; x_wconf 81' lang='lat' dir='ltr'><strong>iu·</strong></span> <span class='ocrx_word' id='word_1_106' title='bbox 777 1344 1061 1428; x_wconf 79' lang='lat' dir='ltr'><strong>Similiadenique</strong></span> <span class='ocrx_word' id='word_1_107' title='bbox 1081 1347 1228 1408; x_wconf 79' lang='lat' dir='ltr'><strong>Baluzius</strong></span> 
     </span>
     <span class='ocr_line' id='line_1_15' title="bbox 126 1427 1226 1502; baseline -0.005 -6"><span class='ocrx_word' id='word_1_108' title='bbox 126 1431 252 1496; x_wconf 78' lang='lat' dir='ltr'><strong>(licetur,</strong></span> <span class='ocrx_word' id='word_1_109' title='bbox 735 1432 769 1492; x_wconf 85' lang='lat' dir='ltr'><strong>in</strong></span> <span class='ocrx_word' id='word_1_110' title='bbox 799 1429 881 1490; x_wconf 82' lang='lat' dir='ltr'><strong>libro</strong></span> <span class='ocrx_word' id='word_1_111' title='bbox 923 1427 1048 1487; x_wconf 79' lang='lat' dir='ltr'><strong>Pithoei</strong></span> <span class='ocrx_word' id='word_1_112' title='bbox 1085 1431 1226 1502; x_wconf 80' lang='lat' dir='ltr'><strong>invenit,</strong></span> 
     </span>
     <span class='ocr_line' id='line_1_16' title="bbox 160 1511 1227 1598; baseline 0.001 -26"><span class='ocrx_word' id='word_1_113' title='bbox 160 1515 211 1575; x_wconf 91' lang='lat' dir='ltr'><strong>lV.</strong></span> <span class='ocrx_word' id='word_1_114' title='bbox 252 1514 287 1573; x_wconf 91' lang='lat' dir='ltr'><strong>Si</strong></span> <span class='ocrx_word' id='word_1_115' title='bbox 324 1523 433 1598; x_wconf 87' lang='lat' dir='ltr'><strong>postea</strong></span> <span class='ocrx_word' id='word_1_116' title='bbox 458 1513 559 1575; x_wconf 84' lang='lat' dir='ltr'><strong>fuerit</strong></span> <span class='ocrx_word' id='word_1_117' title='bbox 585 1513 707 1592; x_wconf 86' lang='lat' dir='ltr'><strong>occisa,</strong></span> <span class='ocrx_word' id='word_1_118' title='bbox 736 1515 790 1574; x_wconf 83' lang='lat' dir='ltr'><strong>ubi</strong></span> <span class='ocrx_word' id='word_1_119' title='bbox 803 1524 876 1594; x_wconf 83' lang='lat' dir='ltr'><strong>post</strong></span> <span class='ocrx_word' id='word_1_120' title='bbox 900 1511 1118 1571; x_wconf 84' lang='lat' dir='ltr'><strong>Decretionem</strong></span> <span class='ocrx_word' id='word_1_121' title='bbox 1137 1511 1227 1574; x_wconf 78' lang='lat' dir='ltr'><strong>Chlo·</strong></span> 
     </span>
    </p>
   </div>
   <div class='ocr_carea' id='block_1_4' title="bbox 125 1591 1337 1680">
    <p class='ocr_par' dir='ltr' id='par_1_4' title="bbox 125 1591 1337 1680">
     <span class='ocr_line' id='line_1_17' title="bbox 125 1591 1337 1680; baseline 0.001 -26"><span class='ocrx_word' id='word_1_122' title='bbox 125 1595 242 1675; x_wconf 87' lang='lat' dir='ltr'><strong>quando</strong></span> <span class='ocrx_word' id='word_1_123' title='bbox 263 1596 329 1658; x_wconf 88' lang='lat' dir='ltr'><strong>iam</strong></span> <span class='ocrx_word' id='word_1_124' title='bbox 349 1607 472 1680; x_wconf 86' lang='lat' dir='ltr'><strong>partum</strong></span> <span class='ocrx_word' id='word_1_125' title='bbox 492 1596 629 1678; x_wconf 85' lang='lat' dir='ltr'><strong>amplius</strong></span> <span class='ocrx_word' id='word_1_126' title='bbox 648 1595 708 1656; x_wconf 87' lang='lat' dir='ltr'><strong>ha·</strong></span> <span class='ocrx_word' id='word_1_127' title='bbox 735 1596 811 1657; x_wconf 79' lang='lat' dir='ltr'><strong>terii</strong></span> <span class='ocrx_word' id='word_1_128' title='bbox 822 1593 915 1672; x_wconf 81' lang='lat' dir='ltr'><strong>Regis</strong></span> <span class='ocrx_word' id='word_1_129' title='bbox 930 1591 1224 1676; x_wconf 79' lang='lat' dir='ltr'><strong>aPitleoeosequen·</strong></span> <span class='ocrx_word' id='word_1_130' title='bbox 1334 1671 1337 1678; x_wconf 21' lang='grc' dir='ltr'>Ι</span> 
     </span>
    </p>
   </div>
   <div class='ocr_carea' id='block_1_5' title="bbox 124 1671 1174 1842">
    <p class='ocr_par' dir='ltr' id='par_1_5' title="bbox 124 1671 1174 1842">
     <span class='ocr_line' id='line_1_18' title="bbox 124 1671 1174 1762; baseline -0.002 -26"><span class='ocrx_word' id='word_1_131' title='bbox 124 1677 191 1736; x_wconf 89' lang='lat' dir='ltr'><strong>bere</strong></span> <span class='ocrx_word' id='word_1_132' title='bbox 204 1699 268 1738; x_wconf 89' lang='lat' dir='ltr'><strong>nou</strong></span> <span class='ocrx_word' id='word_1_133' title='bbox 287 1681 448 1762; x_wconf 84' lang='lat' dir='ltr'><strong>potuerit,</strong></span> <span class='ocrx_word' id='word_1_134' title='bbox 470 1679 527 1743; x_wconf 88' lang='lat' dir='ltr'><strong>sol.</strong></span> <span class='ocrx_word' id='word_1_135' title='bbox 548 1675 615 1742; x_wconf 86' lang='lat' dir='ltr'><strong>CC.</strong></span> <span class='ocrx_word' id='word_1_136' title='bbox 635 1678 707 1740; x_wconf 88' lang='lat' dir='ltr'><strong>cul·</strong></span> <span class='ocrx_word' id='word_1_137' title='bbox 736 1678 780 1741; x_wconf 82' lang='lat' dir='ltr'><strong>tia</strong></span> <span class='ocrx_word' id='word_1_138' title='bbox 796 1676 915 1736; x_wconf 82' lang='lat' dir='ltr'><strong>calamo</strong></span> <span class='ocrx_word' id='word_1_139' title='bbox 932 1671 1046 1734; x_wconf 76' lang='lat' dir='ltr'><strong>addita</strong></span> <span class='ocrx_word' id='word_1_140' title='bbox 1065 1688 1174 1737; x_wconf 80' lang='lat' dir='ltr'><strong>erant:</strong></span> 
     </span>
     <span class='ocr_line' id='line_1_19' title="bbox 125 1758 427 1842; baseline 0.043 -26"><span class='ocrx_word' id='word_1_141' title='bbox 125 1758 228 1842; x_wconf 86' lang='lat' dir='ltr'><strong>pabilis</strong></span> <span class='ocrx_word' id='word_1_142' title='bbox 252 1761 427 1828; x_wconf 86' lang='lat' dir='ltr'><strong>iudicetur.</strong></span> 
     </span>
    </p>
   </div>
   <div class='ocr_carea' id='block_1_6' title="bbox 776 1838 1228 1922">
    <p class='ocr_par' dir='ltr' id='par_1_6' title="bbox 776 1825 1228 1922">
     <span class='ocr_line' id='line_1_20' title="bbox 776 1838 1228 1922; baseline 0 -20"><span class='ocrx_word' id='word_1_143' title='bbox 776 1840 811 1902; x_wconf 91' lang='lat' dir='ltr'><strong>Si</strong></span> <span class='ocrx_word' id='word_1_144' title='bbox 826 1841 898 1922; x_wconf 89' lang='lat' dir='ltr'><strong>quis</strong></span> <span class='ocrx_word' id='word_1_145' title='bbox 913 1838 1049 1900; x_wconf 83' lang='lat' dir='ltr'><strong>alterum</strong></span> <span class='ocrx_word' id='word_1_146' title='bbox 1068 1841 1151 1916; x_wconf 84' lang='lat' dir='ltr'><strong>pitto</strong></span> <span class='ocrx_word' id='word_1_147' title='bbox 1166 1861 1228 1912; x_wconf 55' lang='lat' dir='ltr'><strong>exf·</strong></span> 
     </span>
    </p>
   </div>
   <div class='ocr_carea' id='block_1_7' title="bbox 125 1921 1228 2098">
    <p class='ocr_par' dir='ltr' id='par_1_7' title="bbox 125 1921 1228 2098">
     <span class='ocr_line' id='line_1_21' title="bbox 125 1921 1228 2098; baseline 0.022 -57"><span class='ocrx_word' id='word_1_148' title='bbox 125 1949 203 2027; x_wconf 71' lang='lat' dir='ltr'><strong>n.</strong></span> <span class='ocrx_word' id='word_1_149' title='bbox 228 1951 430 2028; x_wconf 57' lang='lat' dir='ltr'><strong>amvi</strong></span> <span class='ocrx_word' id='word_1_150' title='bbox 468 1955 527 2030; x_wconf 72' lang='lat' dir='ltr'><strong>ne</strong></span> <span class='ocrx_word' id='word_1_151' title='bbox 544 1954 705 2040; x_wconf 64' lang='lat' dir='ltr'><strong>mu-</strong></span> <span class='ocrx_word' id='word_1_152' title='bbox 731 1921 1228 2098; x_wconf 45' lang='lat' dir='ltr'><strong>sustenementum</strong></span> 
     </span>
    </p>
   </div>
   <div class='ocr_carea' id='block_1_8' title="bbox 267 2057 1229 2168">
    <p class='ocr_par' dir='ltr' id='par_1_8' title="bbox 267 2057 1229 2168">
     <span class='ocr_line' id='line_1_22' title="bbox 267 2057 1229 2168; baseline 0.012 -30"><span class='ocrx_word' id='word_1_153' title='bbox 267 2103 271 2110; x_wconf 91' lang='lat'><strong>·</strong></span> <span class='ocrx_word' id='word_1_154' title='bbox 351 2057 465 2130; x_wconf 48' lang='lat'>⁸5⁰⁰&amp;</span> <span class='ocrx_word' id='word_1_155' title='bbox 507 2119 509 2128; x_wconf 77' lang='lat'>=</span> <span class='ocrx_word' id='word_1_156' title='bbox 733 2089 824 2150; x_wconf 87' lang='lat' dir='ltr'><strong>ciunt</strong></span> <span class='ocrx_word' id='word_1_157' title='bbox 842 2089 900 2155; x_wconf 81' lang='lat' dir='ltr'><strong>sol,</strong></span> <span class='ocrx_word' id='word_1_158' title='bbox 919 2084 983 2149; x_wconf 88' lang='lat' dir='ltr'><strong>Ill.</strong></span> <span class='ocrx_word' id='word_1_159' title='bbox 995 2086 1082 2168; x_wconf 79' lang='lat' dir='ltr'><strong>culp.</strong></span> <span class='ocrx_word' id='word_1_160' title='bbox 1093 2085 1160 2146; x_wconf 85' lang='lat' dir='ltr'><strong>md.</strong></span> <span class='ocrx_word' id='word_1_161' title='bbox 1175 2107 1229 2150; x_wconf 59' lang='lat' dir='ltr'><strong>exe</strong></span> 
     </span>
    </p>
   </div>
   <div class='ocr_carea' id='block_1_9' title="bbox 160 2167 1226 2280">
    <p class='ocr_par' dir='ltr' id='par_1_9' title="bbox 160 2167 1226 2280">
     <span class='ocr_line' id='line_1_23' title="bbox 160 2167 1226 2280; baseline -0.001 -3"><span class='ocrx_word' id='word_1_162' title='bbox 160 2211 183 2279; x_wconf 91' lang='lat' dir='ltr'><strong>l.</strong></span> <span class='ocrx_word' id='word_1_163' title='bbox 221 2217 255 2277; x_wconf 87' lang='lat' dir='ltr'><strong>Si</strong></span> <span class='ocrx_word' id='word_1_164' title='bbox 270 2218 443 2280; x_wconf 82' lang='lat' dir='ltr'><strong>Antrussio</strong></span> <span class='ocrx_word' id='word_1_165' title='bbox 460 2218 705 2280; x_wconf 85' lang='lat' dir='ltr'><strong>Antrussionem</strong></span> <span class='ocrx_word' id='word_1_166' title='bbox 735 2180 894 2256; x_wconf 64' lang='lat' dir='ltr'><strong>cepl&#39;cap&#39;</strong></span> <span class='ocrx_word' id='word_1_167' title='bbox 904 2169 1057 2230; x_wconf 67' lang='lat' dir='ltr'><strong>inlocum</strong></span> <span class='ocrx_word' id='word_1_168' title='bbox 1070 2167 1226 2236; x_wconf 56' lang='lat' dir='ltr'><strong>remim·</strong></span> 
     </span>
    </p>
   </div>
   <div class='ocr_carea' id='block_1_10' title="bbox 123 2291 706 2548">
    <p class='ocr_par' dir='ltr' id='par_1_10' title="bbox 123 2291 706 2548">
     <span class='ocr_line' id='line_1_24' title="bbox 123 2291 704 2381; baseline 0.012 -28"><span class='ocrx_word' id='word_1_169' title='bbox 123 2291 158 2353; x_wconf 89' lang='lat' dir='ltr'><strong>de</strong></span> <span class='ocrx_word' id='word_1_170' title='bbox 185 2319 381 2381; x_wconf 85' lang='lat' dir='ltr'><strong>quacunque</strong></span> <span class='ocrx_word' id='word_1_171' title='bbox 412 2322 505 2361; x_wconf 87' lang='lat' dir='ltr'><strong>causa</strong></span> <span class='ocrx_word' id='word_1_172' title='bbox 532 2300 704 2362; x_wconf 84' lang='lat' dir='ltr'><strong>admallare</strong></span> 
     </span>
     <span class='ocr_line' id='line_1_25' title="bbox 124 2375 706 2469; baseline 0.015 -35"><span class='ocrx_word' id='word_1_173' title='bbox 124 2375 273 2469; x_wconf 75' lang='lat' dir='ltr'><strong>vpluerit‚</strong></span> <span class='ocrx_word' id='word_1_174' title='bbox 306 2384 494 2464; x_wconf 84' lang='lat' dir='ltr'><strong>ubieunque</strong></span> <span class='ocrx_word' id='word_1_175' title='bbox 517 2405 592 2444; x_wconf 91' lang='lat' dir='ltr'><strong>eum</strong></span> <span class='ocrx_word' id='word_1_176' title='bbox 615 2383 706 2445; x_wconf 85' lang='lat' dir='ltr'><strong>inve·</strong></span> 
     </span>
     <span class='ocr_line' id='line_1_26' title="bbox 123 2466 704 2548; baseline 0.024 -36"><span class='ocrx_word' id='word_1_177' title='bbox 123 2477 186 2522; x_wconf 86' lang='lat' dir='ltr'><strong>mre</strong></span> <span class='ocrx_word' id='word_1_178' title='bbox 193 2466 356 2545; x_wconf 87' lang='lat' dir='ltr'><strong>potuerit,</strong></span> <span class='ocrx_word' id='word_1_179' title='bbox 379 2487 476 2547; x_wconf 83' lang='lat' dir='ltr'><strong>super</strong></span> <span class='ocrx_word' id='word_1_180' title='bbox 488 2475 609 2548; x_wconf 81' lang='lat' dir='ltr'><strong>septem</strong></span> <span class='ocrx_word' id='word_1_181' title='bbox 622 2483 704 2526; x_wconf 90' lang='lat' dir='ltr'><strong>noc-</strong></span> 
     </span>
    </p>
   </div>
   <div class='ocr_carea' id='block_1_11' title="bbox 732 2331 1229 2575">
    <p class='ocr_par' dir='ltr' id='par_1_11' title="bbox 732 2331 1229 2575">
     <span class='ocr_line' id='line_1_27' title="bbox 775 2331 1227 2418; baseline -0.009 -21"><span class='ocrx_word' id='word_1_182' title='bbox 775 2334 935 2398; x_wconf 77' lang='lat' dir='ltr'><strong>Absolutis</strong></span> <span class='ocrx_word' id='word_1_183' title='bbox 949 2333 990 2392; x_wconf 79' lang='lat' dir='ltr'><strong>iis</strong></span> <span class='ocrx_word' id='word_1_184' title='bbox 1002 2331 1088 2416; x_wconf 84' lang='lat' dir='ltr'><strong>quae&#39;</strong></span> <span class='ocrx_word' id='word_1_185' title='bbox 1094 2334 1227 2418; x_wconf 81' lang='lat' dir='ltr'><strong>proprie</strong></span> 
     </span>
     <span class='ocr_line' id='line_1_28' title="bbox 732 2416 1229 2499; baseline -0.01 -18"><span class='ocrx_word' id='word_1_186' title='bbox 732 2419 846 2499; x_wconf 83' lang='lat' dir='ltr'><strong>Legem</strong></span> <span class='ocrx_word' id='word_1_187' title='bbox 867 2416 1005 2478; x_wconf 78' lang='lat' dir='ltr'><strong>Salicem</strong></span> <span class='ocrx_word' id='word_1_188' title='bbox 1034 2416 1229 2476; x_wconf 79' lang='lat' dir='ltr'><strong>constituunt</strong></span> 
     </span>
     <span class='ocr_line' id='line_1_29' title="bbox 733 2495 1229 2575; baseline -0.012 -12"><span class='ocrx_word' id='word_1_189' title='bbox 733 2504 767 2564; x_wconf 85' lang='lat' dir='ltr'><strong>in</strong></span> <span class='ocrx_word' id='word_1_190' title='bbox 786 2498 976 2560; x_wconf 81' lang='lat' dir='ltr'><strong>editionibus</strong></span> <span class='ocrx_word' id='word_1_191' title='bbox 998 2495 1229 2575; x_wconf 76' lang='lat' dir='ltr'><strong>Lindenbrogii</strong></span> 
     </span>
    </p>
   </div>
   <div class='ocr_carea' id='block_1_12' title="bbox 120 2576 1229 2740">
    <p class='ocr_par' dir='ltr' id='par_1_12' title="bbox 120 2576 1229 2740">
     <span class='ocr_line' id='line_1_30' title="bbox 120 2576 1229 2692; baseline -0.022 2"><span class='ocrx_word' id='word_1_192' title='bbox 120 2619 169 2685; x_wconf 70' lang='lat' dir='ltr'><strong>hel</strong></span> <span class='ocrx_word' id='word_1_193' title='bbox 203 2639 239 2689; x_wconf 82' lang='lat' dir='ltr'><strong>ut</strong></span> <span class='ocrx_word' id='word_1_194' title='bbox 264 2629 340 2691; x_wconf 85' lang='lat' dir='ltr'><strong>ante</strong></span> <span class='ocrx_word' id='word_1_195' title='bbox 368 2630 509 2692; x_wconf 87' lang='lat' dir='ltr'><strong>iudicem</strong></span> <span class='ocrx_word' id='word_1_196' title='bbox 532 2633 572 2691; x_wconf 90' lang='lat' dir='ltr'><strong>ad</strong></span> <span class='ocrx_word' id='word_1_197' title='bbox 591 2629 705 2690; x_wconf 89' lang='lat' dir='ltr'><strong>Mallo·</strong></span> <span class='ocrx_word' id='word_1_198' title='bbox 734 2595 764 2643; x_wconf 60' lang='lat' dir='ltr'><strong>el</strong></span> <span class='ocrx_word' id='word_1_199' title='bbox 780 2582 903 2643; x_wconf 48' lang='lat' dir='ltr'><strong>Bahali</strong></span> <span class='ocrx_word' id='word_1_200' title='bbox 921 2577 1023 2639; x_wconf 62' lang='lat' dir='ltr'><em>adhuc</em></span> <span class='ocrx_word' id='word_1_201' title='bbox 1042 2576 1229 2676; x_wconf 61' lang='lat' dir='ltr'><strong>appendicis</strong></span> 
     </span>
     <span class='ocr_line' id='line_1_31' title="bbox 175 2658 1228 2740; baseline -0.028 7"><span class='ocrx_word' id='word_1_202' title='bbox 175 2672 183 2704; x_wconf 84' lang='lat'>&#39;</span> <span class='ocrx_word' id='word_1_203' title='bbox 732 2665 872 2726; x_wconf 82' lang='lat' dir='ltr'><strong>loeoalia</strong></span> <span class='ocrx_word' id='word_1_204' title='bbox 885 2672 1005 2738; x_wconf 77' lang='lat' dir='ltr'><strong>extant,</strong></span> <span class='ocrx_word' id='word_1_205' title='bbox 1014 2659 1091 2740; x_wconf 73' lang='lat' dir='ltr'><strong>Lege</strong></span> <span class='ocrx_word' id='word_1_206' title='bbox 1104 2658 1228 2724; x_wconf 71' lang='lat' dir='ltr'><strong>Salaecae</strong></span> 
     </span>
    </p>
   </div>
   <div class='ocr_carea' id='block_1_13' title="bbox 120 2713 1228 2831">
    <p class='ocr_par' dir='ltr' id='par_1_13' title="bbox 120 2713 1228 2831">
     <span class='ocr_line' id='line_1_32' title="bbox 120 2713 1228 2831; baseline 0.004 -57"><span class='ocrx_word' id='word_1_207' title='bbox 120 2714 210 2790; x_wconf 81' lang='lat' dir='ltr'><strong>hergo</strong></span> <span class='ocrx_word' id='word_1_208' title='bbox 235 2713 275 2774; x_wconf 90' lang='lat' dir='ltr'><strong>de</strong></span> <span class='ocrx_word' id='word_1_209' title='bbox 293 2734 402 2774; x_wconf 84' lang='lat' dir='ltr'><strong>caussa</strong></span> <span class='ocrx_word' id='word_1_210' title='bbox 425 2733 508 2793; x_wconf 90' lang='lat' dir='ltr'><strong>quae</strong></span> <span class='ocrx_word' id='word_1_211' title='bbox 536 2715 704 2795; x_wconf 86' lang='lat' dir='ltr'><strong>inputatur</strong></span> <span class='ocrx_word' id='word_1_212' title='bbox 732 2746 867 2831; x_wconf 56' lang='lat' dir='ltr'><strong><em>affinia,</em></strong></span> <span class='ocrx_word' id='word_1_213' title='bbox 888 2763 1021 2828; x_wconf 59' lang='lat' dir='ltr'><em>quoram</em></span> <span class='ocrx_word' id='word_1_214' title='bbox 1033 2761 1111 2824; x_wconf 66' lang='lat' dir='ltr'><strong>pm</strong></span> <span class='ocrx_word' id='word_1_215' title='bbox 1134 2741 1228 2803; x_wconf 61' lang='lat' dir='ltr'><em>etiam</em></span> 
     </span>
    </p>
   </div>
   <div class='ocr_carea' id='block_1_14' title="bbox 121 2792 1137 2942">
    <p class='ocr_par' dir='ltr' id='par_1_14' title="bbox 121 2792 1137 2942">
     <span class='ocr_line' id='line_1_33' title="bbox 121 2792 1130 2890; baseline -0.019 -33"><span class='ocrx_word' id='word_1_216' title='bbox 121 2817 157 2857; x_wconf 82' lang='lat' dir='ltr'><strong>ex</strong></span> <span class='ocrx_word' id='word_1_217' title='bbox 172 2792 232 2886; x_wconf 73' lang='lat'><strong>¹3⁰⁰</strong></span> <span class='ocrx_word' id='word_1_218' title='bbox 247 2795 478 2875; x_wconf 87' lang='lat' dir='ltr'><strong>respondendo</strong></span> <span class='ocrx_word' id='word_1_219' title='bbox 498 2794 613 2856; x_wconf 87' lang='lat' dir='ltr'><strong>debeat</strong></span> <span class='ocrx_word' id='word_1_220' title='bbox 629 2816 704 2855; x_wconf 92' lang='lat' dir='ltr'><strong>con·</strong></span> <span class='ocrx_word' id='word_1_221' title='bbox 795 2827 866 2890; x_wconf 49' lang='grc' dir='ltr'><strong>(ΖΗ</strong></span> <span class='ocrx_word' id='word_1_222' title='bbox 918 2823 1007 2886; x_wconf 63' lang='lat' dir='ltr'><em>Idam</em></span> <span class='ocrx_word' id='word_1_223' title='bbox 1014 2823 1043 2883; x_wconf 64' lang='lat' dir='ltr'><strong>le</strong></span> <span class='ocrx_word' id='word_1_224' title='bbox 1064 2824 1130 2885; x_wconf 57' lang='lat' dir='ltr'><strong>itur</strong></span> 
     </span>
     <span class='ocr_line' id='line_1_34' title="bbox 121 2843 1137 2942; baseline -0.02 -3"><span class='ocrx_word' id='word_1_225' title='bbox 121 2896 234 2942; x_wconf 79' lang='lat' dir='ltr'><strong>venire.</strong></span> <span class='ocrx_word' id='word_1_226' title='bbox 277 2877 312 2937; x_wconf 85' lang='lat' dir='ltr'><strong>si</strong></span> <span class='ocrx_word' id='word_1_227' title='bbox 333 2878 379 2938; x_wconf 86' lang='lat' dir='ltr'><strong>eis</strong></span> <span class='ocrx_word' id='word_1_228' title='bbox 401 2877 521 2938; x_wconf 89' lang='lat' dir='ltr'><strong>ibidem</strong></span> <span class='ocrx_word' id='word_1_229' title='bbox 541 2899 607 2937; x_wconf 90' lang='lat' dir='ltr'><strong>non</strong></span> <span class='ocrx_word' id='word_1_230' title='bbox 629 2897 707 2938; x_wconf 86' lang='lat' dir='ltr'><strong>eon·</strong></span> <span class='ocrx_word' id='word_1_231' title='bbox 732 2851 794 2913; x_wconf 62' lang='lat' dir='ltr'><strong>“pu</strong></span> <span class='ocrx_word' id='word_1_232' title='bbox 862 2847 916 2888; x_wconf 58' lang='lat'><strong>“⁰</strong></span> <span class='ocrx_word' id='word_1_233' title='bbox 1042 2843 1063 2904; x_wconf 67' lang='lat' dir='ltr'><strong><em>g</em></strong></span> <span class='ocrx_word' id='word_1_234' title='bbox 1130 2873 1137 2888; x_wconf 90' lang='grc'><em>·</em></span> 
     </span>
    </p>
   </div>
   <div class='ocr_carea' id='block_1_15' title="bbox 121 2947 704 3124">
    <p class='ocr_par' dir='ltr' id='par_1_15' title="bbox 121 2947 704 3124">
     <span class='ocr_line' id='line_1_35' title="bbox 121 2947 704 3036; baseline 0.005 -17"><span class='ocrx_word' id='word_1_235' title='bbox 121 2959 254 3036; x_wconf 80' lang='lat' dir='ltr'><strong>venerit,</strong></span> <span class='ocrx_word' id='word_1_236' title='bbox 279 2969 335 3019; x_wconf 88' lang='lat' dir='ltr'><strong>aut</strong></span> <span class='ocrx_word' id='word_1_237' title='bbox 357 2960 415 3019; x_wconf 87' lang='lat' dir='ltr'><strong>iste</strong></span> <span class='ocrx_word' id='word_1_238' title='bbox 434 2959 545 3026; x_wconf 71' lang='lat' dir='ltr'><strong>uenire</strong></span> <span class='ocrx_word' id='word_1_239' title='bbox 568 2947 704 3022; x_wconf 77' lang='lat' dir='ltr'><strong>distule-</strong></span> 
     </span>
     <span class='ocr_line' id='line_1_36' title="bbox 121 3040 703 3124; baseline -0.003 -22"><span class='ocrx_word' id='word_1_240' title='bbox 121 3042 181 3110; x_wconf 81' lang='lat' dir='ltr'><strong>rit,</strong></span> <span class='ocrx_word' id='word_1_241' title='bbox 203 3043 260 3122; x_wconf 88' lang='lat' dir='ltr'><strong>qui</strong></span> <span class='ocrx_word' id='word_1_242' title='bbox 282 3040 387 3124; x_wconf 91' lang='lat' dir='ltr'><strong>ipsum</strong></span> <span class='ocrx_word' id='word_1_243' title='bbox 412 3041 646 3120; x_wconf 85' lang='lat' dir='ltr'><strong>admallaverit,</strong></span> <span class='ocrx_word' id='word_1_244' title='bbox 669 3040 703 3100; x_wconf 91' lang='lat' dir='ltr'><strong>in</strong></span> 
     </span>
    </p>
   </div>
   <div class='ocr_carea' id='block_1_16' title="bbox 123 3101 1229 3296">
    <p class='ocr_par' dir='ltr' id='par_1_16' title="bbox 123 3101 1229 3296">
     <span class='ocr_line' id='line_1_37' title="bbox 125 3101 1145 3186; baseline -0.004 -4"><span class='ocrx_word' id='word_1_245' title='bbox 125 3122 195 3182; x_wconf 88' lang='lat' dir='ltr'><strong>nubi</strong></span> <span class='ocrx_word' id='word_1_246' title='bbox 223 3145 298 3184; x_wconf 88' lang='lat' dir='ltr'><strong>eum</strong></span> <span class='ocrx_word' id='word_1_247' title='bbox 326 3125 470 3184; x_wconf 85' lang='lat' dir='ltr'><strong>solsatire</strong></span> <span class='ocrx_word' id='word_1_248' title='bbox 497 3124 601 3186; x_wconf 88' lang='lat' dir='ltr'><strong>dehet.</strong></span> <span class='ocrx_word' id='word_1_249' title='bbox 651 3123 705 3186; x_wconf 88' lang='lat' dir='ltr'><strong>Sic</strong></span> <span class='ocrx_word' id='word_1_250' title='bbox 801 3101 1145 3166; x_wconf 67' lang='lat' dir='ltr'><strong>RECAPITULATIO</strong></span> 
     </span>
     <span class='ocr_line' id='line_1_38' title="bbox 123 3205 1229 3296; baseline -0.005 -32"><span class='ocrx_word' id='word_1_251' title='bbox 123 3214 223 3288; x_wconf 89' lang='lat' dir='ltr'><strong>postea</strong></span> <span class='ocrx_word' id='word_1_252' title='bbox 232 3205 422 3267; x_wconf 85' lang='lat' dir='ltr'><strong>iterataviee</strong></span> <span class='ocrx_word' id='word_1_253' title='bbox 438 3206 476 3266; x_wconf 89' lang='lat' dir='ltr'><strong>ad</strong></span> <span class='ocrx_word' id='word_1_254' title='bbox 493 3216 603 3268; x_wconf 87' lang='lat' dir='ltr'><strong>noctes</strong></span> <span class='ocrx_word' id='word_1_255' title='bbox 614 3207 704 3272; x_wconf 84' lang='lat' dir='ltr'>XIV.</span> <span class='ocrx_word' id='word_1_256' title='bbox 733 3221 915 3294; x_wconf 78' lang='lat' dir='ltr'><strong>LEGIS</strong></span> <span class='ocrx_word' id='word_1_257' title='bbox 965 3221 1229 3296; x_wconf 40' lang='lat' dir='ltr'><strong>SALICAE‘</strong></span> 
     </span>
    </p>
   </div>
   <div class='ocr_carea' id='block_1_17' title="bbox 107 3287 1234 4030">
    <p class='ocr_par' dir='ltr' id='par_1_17' title="bbox 125 3287 707 3372">
     <span class='ocr_line' id='line_1_39' title="bbox 125 3287 707 3372; baseline 0.002 -24"><span class='ocrx_word' id='word_1_258' title='bbox 125 3309 191 3348; x_wconf 90' lang='lat' dir='ltr'><strong>eum</strong></span> <span class='ocrx_word' id='word_1_259' title='bbox 214 3309 328 3372; x_wconf 67' lang='lat' dir='ltr'><strong>rogare</strong></span> <span class='ocrx_word' id='word_1_260' title='bbox 352 3287 465 3365; x_wconf 87' lang='lat' dir='ltr'><strong>dehet,</strong></span> <span class='ocrx_word' id='word_1_261' title='bbox 493 3298 531 3348; x_wconf 89' lang='lat' dir='ltr'><strong>ut</strong></span> <span class='ocrx_word' id='word_1_262' title='bbox 554 3289 594 3349; x_wconf 92' lang='lat' dir='ltr'><strong>ad</strong></span> <span class='ocrx_word' id='word_1_263' title='bbox 611 3289 707 3350; x_wconf 88' lang='lat' dir='ltr'><strong>illum</strong></span> 
     </span>
    </p>

    <p class='ocr_par' dir='ltr' id='par_1_18' title="bbox 124 3370 1040 3453">
     <span class='ocr_line' id='line_1_40' title="bbox 124 3370 1040 3453; baseline 0.007 -24"><span class='ocrx_word' id='word_1_264' title='bbox 124 3370 313 3453; x_wconf 83' lang='lat' dir='ltr'><strong>Mallebergo</strong></span> <span class='ocrx_word' id='word_1_265' title='bbox 323 3371 436 3432; x_wconf 86' lang='lat' dir='ltr'><strong>debeat</strong></span> <span class='ocrx_word' id='word_1_266' title='bbox 445 3371 556 3432; x_wconf 84' lang='lat' dir='ltr'><strong>venire</strong></span> <span class='ocrx_word' id='word_1_267' title='bbox 572 3372 612 3432; x_wconf 89' lang='lat' dir='ltr'><strong>ad</strong></span> <span class='ocrx_word' id='word_1_268' title='bbox 625 3373 706 3433; x_wconf 87' lang='lat' dir='ltr'><strong>dan·</strong></span> <span class='ocrx_word' id='word_1_269' title='bbox 878 3391 1040 3407; x_wconf 87' lang='grc'><em>··“·····</em></span> 
     </span>
    </p>

    <p class='ocr_par' dir='ltr' id='par_1_19' title="bbox 124 3451 706 3536">
     <span class='ocr_line' id='line_1_41' title="bbox 124 3451 706 3536; baseline 0.012 -26"><span class='ocrx_word' id='word_1_270' title='bbox 124 3451 193 3510; x_wconf 90' lang='lat' dir='ltr'><strong>dum</strong></span> <span class='ocrx_word' id='word_1_271' title='bbox 208 3474 409 3536; x_wconf 87' lang='lat' dir='ltr'><strong>responsum.</strong></span> <span class='ocrx_word' id='word_1_272' title='bbox 450 3454 493 3514; x_wconf 87' lang='lat' dir='ltr'><strong>Et</strong></span> <span class='ocrx_word' id='word_1_273' title='bbox 512 3453 568 3535; x_wconf 89' lang='lat' dir='ltr'><strong>qui</strong></span> <span class='ocrx_word' id='word_1_274' title='bbox 585 3455 706 3517; x_wconf 86' lang='lat' dir='ltr'><strong>admal-</strong></span> 
     </span>
    </p>

    <p class='ocr_par' dir='ltr' id='par_1_20' title="bbox 107 3532 1234 4030">
     <span class='ocr_line' id='line_1_42' title="bbox 107 3532 1229 3620; baseline 0.005 -29"><span class='ocrx_word' id='word_1_275' title='bbox 107 3532 219 3613; x_wconf 86' lang='lat' dir='ltr'><strong>·latur‚</strong></span> <span class='ocrx_word' id='word_1_276' title='bbox 240 3537 267 3598; x_wconf 88' lang='lat' dir='ltr'><strong>si</strong></span> <span class='ocrx_word' id='word_1_277' title='bbox 301 3556 340 3596; x_wconf 91' lang='lat' dir='ltr'><strong>eo</strong></span> <span class='ocrx_word' id='word_1_278' title='bbox 367 3537 511 3614; x_wconf 80' lang='lat' dir='ltr'><strong>venerit,</strong></span> <span class='ocrx_word' id='word_1_279' title='bbox 539 3546 619 3597; x_wconf 88' lang='lat' dir='ltr'><strong>tune</strong></span> <span class='ocrx_word' id='word_1_280' title='bbox 649 3538 706 3620; x_wconf 89' lang='lat' dir='ltr'><strong>qni</strong></span> <span class='ocrx_word' id='word_1_281' title='bbox 776 3537 952 3601; x_wconf 88' lang='lat' dir='ltr'><strong>Sciendum</strong></span> <span class='ocrx_word' id='word_1_282' title='bbox 979 3545 1047 3615; x_wconf 83' lang='lat' dir='ltr'><strong>est,</strong></span> <span class='ocrx_word' id='word_1_283' title='bbox 1075 3538 1164 3620; x_wconf 90' lang='lat' dir='ltr'><strong>quod</strong></span> <span class='ocrx_word' id='word_1_284' title='bbox 1195 3537 1229 3597; x_wconf 90' lang='lat' dir='ltr'><strong>in</strong></span> 
     </span>
     <span class='ocr_line' id='line_1_43' title="bbox 123 3616 1231 3703; baseline 0.005 -29"><span class='ocrx_word' id='word_1_285' title='bbox 123 3635 190 3676; x_wconf 86' lang='lat' dir='ltr'><strong>eum</strong></span> <span class='ocrx_word' id='word_1_286' title='bbox 204 3616 406 3696; x_wconf 75' lang='lat' dir='ltr'><strong>admallavit‚</strong></span> <span class='ocrx_word' id='word_1_287' title='bbox 437 3618 463 3680; x_wconf 87' lang='lat' dir='ltr'><strong>si</strong></span> <span class='ocrx_word' id='word_1_288' title='bbox 489 3639 583 3678; x_wconf 86' lang='lat' dir='ltr'><strong>causa</strong></span> <span class='ocrx_word' id='word_1_289' title='bbox 601 3620 708 3682; x_wconf 85' lang='lat' dir='ltr'><strong>minor</strong></span> <span class='ocrx_word' id='word_1_290' title='bbox 735 3621 928 3703; x_wconf 89' lang='lat' dir='ltr'><strong>quibusdam</strong></span> <span class='ocrx_word' id='word_1_291' title='bbox 945 3619 1188 3682; x_wconf 87' lang='lat' dir='ltr'><strong>libellisSalieis</strong></span> <span class='ocrx_word' id='word_1_292' title='bbox 1203 3627 1231 3698; x_wconf 81' lang='lat' dir='ltr'><strong>a)</strong></span> 
     </span>
     <span class='ocr_line' id='line_1_44' title="bbox 122 3697 1233 3784; baseline 0.006 -28"><span class='ocrx_word' id='word_1_293' title='bbox 122 3697 231 3778; x_wconf 86' lang='lat' dir='ltr'><strong>fuerit,</strong></span> <span class='ocrx_word' id='word_1_294' title='bbox 254 3701 434 3762; x_wconf 80' lang='lat' dir='ltr'><strong>autminus</strong></span> <span class='ocrx_word' id='word_1_295' title='bbox 454 3721 550 3784; x_wconf 87' lang='lat' dir='ltr'><strong>quam</strong></span> <span class='ocrx_word' id='word_1_296' title='bbox 567 3701 705 3770; x_wconf 87' lang='lat' dir='ltr'>XXXV.</span> <span class='ocrx_word' id='word_1_297' title='bbox 735 3703 951 3764; x_wconf 85' lang='lat' dir='ltr'><strong>inveniuntur</strong></span> <span class='ocrx_word' id='word_1_298' title='bbox 972 3701 1114 3783; x_wconf 84' lang='lat' dir='ltr'><strong>capitula</strong></span> <span class='ocrx_word' id='word_1_299' title='bbox 1142 3704 1233 3784; x_wconf 88' lang='lat' dir='ltr'><strong>prin·</strong></span> 
     </span>
     <span class='ocr_line' id='line_1_45' title="bbox 123 3781 1233 3867; baseline 0.005 -29"><span class='ocrx_word' id='word_1_300' title='bbox 123 3781 174 3840; x_wconf 88' lang='lat' dir='ltr'><strong>sol.</strong></span> <span class='ocrx_word' id='word_1_301' title='bbox 185 3792 410 3864; x_wconf 84' lang='lat' dir='ltr'><strong>componatur,</strong></span> <span class='ocrx_word' id='word_1_302' title='bbox 433 3784 530 3846; x_wconf 88' lang='lat' dir='ltr'><strong>dehet</strong></span> <span class='ocrx_word' id='word_1_303' title='bbox 543 3783 588 3844; x_wconf 87' lang='lat' dir='ltr'><strong>ibi</strong></span> <span class='ocrx_word' id='word_1_304' title='bbox 598 3795 706 3849; x_wconf 84' lang='lat' dir='ltr'><strong>sextus</strong></span> <span class='ocrx_word' id='word_1_305' title='bbox 729 3785 853 3867; x_wconf 78' lang='lat' dir='ltr'><strong>cipalia</strong></span> <span class='ocrx_word' id='word_1_306' title='bbox 872 3783 973 3848; x_wconf 88' lang='lat' dir='ltr'>LXV.</span> <span class='ocrx_word' id='word_1_307' title='bbox 988 3783 1028 3842; x_wconf 70' lang='lat' dir='ltr'><strong>&#39;in</strong></span> <span class='ocrx_word' id='word_1_308' title='bbox 1041 3785 1233 3866; x_wconf 79' lang='lat' dir='ltr'><strong>quibusdam</strong></span> 
     </span>
     <span class='ocr_line' id='line_1_46' title="bbox 122 3861 1234 3952; baseline 0.003 -29"><span class='ocrx_word' id='word_1_309' title='bbox 122 3861 279 3926; x_wconf 87' lang='lat' dir='ltr'><strong>Wedredo</strong></span> <span class='ocrx_word' id='word_1_310' title='bbox 308 3865 431 3937; x_wconf 80' lang='lat' dir='ltr'><strong>iurare3</strong></span> <span class='ocrx_word' id='word_1_311' title='bbox 455 3876 487 3928; x_wconf 86' lang='lat' dir='ltr'><strong>et</strong></span> <span class='ocrx_word' id='word_1_312' title='bbox 512 3866 570 3929; x_wconf 91' lang='lat' dir='ltr'><strong>ille</strong></span> <span class='ocrx_word' id='word_1_313' title='bbox 597 3880 707 3950; x_wconf 86' lang='lat' dir='ltr'><strong>postea</strong></span> <span class='ocrx_word' id='word_1_314' title='bbox 736 3869 834 3931; x_wconf 88' lang='lat' dir='ltr'><strong>etiam</strong></span> <span class='ocrx_word' id='word_1_315' title='bbox 853 3868 952 3952; x_wconf 88' lang='lat' dir='ltr'><strong>paulo</strong></span> <span class='ocrx_word' id='word_1_316' title='bbox 973 3867 1059 3948; x_wconf 89' lang='lat' dir='ltr'><strong>plus,</strong></span> <span class='ocrx_word' id='word_1_317' title='bbox 1079 3876 1135 3926; x_wconf 90' lang='lat' dir='ltr'><strong>aut</strong></span> <span class='ocrx_word' id='word_1_318' title='bbox 1156 3889 1234 3948; x_wconf 87' lang='lat' dir='ltr'><strong>pau-</strong></span> 
     </span>
     <span class='ocr_line' id='line_1_47' title="bbox 124 3945 1234 4030; baseline 0.006 -28"><span class='ocrx_word' id='word_1_319' title='bbox 124 3945 175 4022; x_wconf 90' lang='lat' dir='ltr'><strong>qui</strong></span> <span class='ocrx_word' id='word_1_320' title='bbox 190 3957 318 4030; x_wconf 82' lang='lat' dir='ltr'><strong>rogatus</strong></span> <span class='ocrx_word' id='word_1_321' title='bbox 337 3949 459 4027; x_wconf 85' lang='lat' dir='ltr'><strong>fuerat,</strong></span> <span class='ocrx_word' id='word_1_322' title='bbox 481 3949 507 4010; x_wconf 90' lang='lat' dir='ltr'><strong>si</strong></span> <span class='ocrx_word' id='word_1_323' title='bbox 529 3972 563 4012; x_wconf 87' lang='lat' dir='ltr'><strong>se</strong></span> <span class='ocrx_word' id='word_1_324' title='bbox 586 3972 626 4012; x_wconf 83' lang='lat' dir='ltr'><strong>ex</strong></span> <span class='ocrx_word' id='word_1_325' title='bbox 644 3954 707 4014; x_wconf 89' lang='lat' dir='ltr'><strong>hoc</strong></span> <span class='ocrx_word' id='word_1_326' title='bbox 735 3950 900 4014; x_wconf 87' lang='lat' dir='ltr'><strong>lominus.</strong></span> <span class='ocrx_word' id='word_1_327' title='bbox 942 3947 1160 4012; x_wconf 87' lang='lat' dir='ltr'><strong>Continentur</strong></span> <span class='ocrx_word' id='word_1_328' title='bbox 1171 3949 1234 4009; x_wconf 90' lang='lat' dir='ltr'><strong>alia</strong></span> 
     </span>
    </p>
   </div>
   <div class='ocr_carea' id='block_1_18' title="bbox 123 4023 1351 4122">
    <p class='ocr_par' dir='ltr' id='par_1_21' title="bbox 123 4023 1351 4122">
     <span class='ocr_line' id='line_1_48' title="bbox 123 4023 1351 4122; baseline 0.007 -39"><span class='ocrx_word' id='word_1_329' title='bbox 123 4023 271 4092; x_wconf 87' lang='lat' dir='ltr'><strong>idoneum</strong></span> <span class='ocrx_word' id='word_1_330' title='bbox 291 4051 359 4092; x_wconf 86' lang='lat' dir='ltr'><strong>esse</strong></span> <span class='ocrx_word' id='word_1_331' title='bbox 379 4041 570 4114; x_wconf 84' lang='lat' dir='ltr'><strong>cognoseat,</strong></span> <span class='ocrx_word' id='word_1_332' title='bbox 592 4055 627 4096; x_wconf 91' lang='lat' dir='ltr'><strong>se</strong></span> <span class='ocrx_word' id='word_1_333' title='bbox 650 4034 708 4098; x_wconf 91' lang='lat' dir='ltr'><strong>de·</strong></span> <span class='ocrx_word' id='word_1_334' title='bbox 738 4033 878 4122; x_wconf 85' lang='lat' dir='ltr'><strong>capitula</strong></span> <span class='ocrx_word' id='word_1_335' title='bbox 899 4033 933 4096; x_wconf 89' lang='lat' dir='ltr'><strong>in</strong></span> <span class='ocrx_word' id='word_1_336' title='bbox 965 4030 1157 4117; x_wconf 85' lang='lat' dir='ltr'><strong>quibusdam</strong></span> <span class='ocrx_word' id='word_1_337' title='bbox 1179 4053 1230 4092; x_wconf 85' lang='lat' dir='ltr'><strong>cu·</strong></span> <span class='ocrx_word' id='word_1_338' title='bbox 1348 4054 1351 4058; x_wconf 89' lang='lat'>·</span> 
     </span>
    </p>
   </div>
   <div class='ocr_carea' id='block_1_19' title="bbox 125 4193 545 4219">
    <p class='ocr_par' dir='ltr' id='par_1_22' title="bbox 125 4193 545 4219">
     <span class='ocr_line' id='line_1_49' title="bbox 125 4193 545 4219; baseline 0 -9"><span class='ocrx_word' id='word_1_339' title='bbox 125 4193 545 4219; x_wconf 51' lang='grc' dir='ltr'><strong>Μ</strong></span> 
     </span>
    </p>
   </div>
   <div class='ocr_carea' id='block_1_20' title="bbox 189 4231 794 4320">
    <p class='ocr_par' dir='ltr' id='par_1_23' title="bbox 189 4231 794 4320">
     <span class='ocr_line' id='line_1_50' title="bbox 189 4231 794 4320; baseline 0.017 -24"><span class='ocrx_word' id='word_1_340' title='bbox 189 4245 215 4314; x_wconf 79' lang='lat' dir='ltr'><strong>a)</strong></span> <span class='ocrx_word' id='word_1_341' title='bbox 233 4247 342 4303; x_wconf 80' lang='lat' dir='ltr'><strong>Eccard.</strong></span> <span class='ocrx_word' id='word_1_342' title='bbox 363 4247 462 4301; x_wconf 76' lang='lat' dir='ltr'><strong>libellis</strong></span> <span class='ocrx_word' id='word_1_343' title='bbox 482 4251 548 4320; x_wconf 71' lang='lat' dir='ltr'><strong>legis</strong></span> <span class='ocrx_word' id='word_1_344' title='bbox 567 4249 684 4304; x_wconf 71' lang='lat' dir='ltr'><strong>Saliene.</strong></span> <span class='ocrx_word' id='word_1_345' title='bbox 791 4231 794 4237; x_wconf 35' lang='lat'><em>¹</em></span> 
     </span>
    </p>
   </div>
   <div class='ocr_carea' id='block_1_21' title="bbox 0 0 1442 4992">
    <p class='ocr_par' dir='ltr' id='par_1_24' title="bbox 0 0 1442 4992">
     <span class='ocr_line' id='line_1_51' title="bbox 0 0 1442 4992; baseline 0 0"><span class='ocrx_word' id='word_1_346' title='bbox 0 0 1442 4992; x_wconf 95' lang='lat' dir='ltr'><strong> </strong></span> 
     </span>
    </p>
   </div>
  </div>
 </body>
</html>
