2826 4998
206 243 256 328 aa
361 306 364 316 ι
531 262 903 328 ‚am1ssanmar1n
923 264 991 324 tm

206 405 322 487 burgis,
339 413 382 486 g)
399 401 474 484 DC,
496 402 571 470 den.
593 402 650 487 qui
672 403 797 468 faciunt
822 401 871 464 fra
892 403 1028 486 patriam
1050 426 1136 486 essa,
1162 414 1217 484 et,
1238 407 1308 488 qut-

207 485 390 565 solid..XV.
406 485 755 570 culpabilisiudieetur.
824 506 954 567 cunque
981 498 1074 548 antea
1096 509 1229 570 panem,
1259 496 1312 550 aut

249 564 366 642 V‚·.Si
394 570 467 652 quis
499 569 663 631 basilicam
700 590 797 650 super
823 566 1071 649 hospitalitatem
1107 569 1137 630 ei
1169 569 1309 647 dederit,

205 646 371 724 hominem
389 660 548 712 mortuum
564 650 796 732 expoliaverit,
824 650 919 710 etiam
940 649 965 710 si
988 673 1070 712 uxor
1089 653 1157 713 eius
1178 651 1242 710 hoc
1263 654 1312 713 se-

206 746 321 814 (nana.
353 733 433 796 Clare
464 746 549 794 ottar
577 735 667 802 sino)
696 733 797 795 Mcc.
825 731 923 808 cerit,
943 731 1012 797 DC.
1030 733 1172 817 deu.qui
1190 733 1312 795 faciunt

208 815 353 898 de1n.qui
374 816 498 876 faciunt
517 815 575 876 sol.
593 814 702 877 XXX.
723 817 796 880 col·
824 815 882 878 sol.
907 812 980 876 XV.
1000 815 1086 898 culp.
1108 817 1174 876 iud.

206 897 321 982 pabilis
344 896 526 976 iudicetur,
548 906 684 982 excepto
712 898 798 982 oapi·
865 896 922 955 VI.
963 896 1083 958 Auctor
1093 919 1169 958 vero
1183 896 1312 958 sceleris

205 979 279 1065 pale
294 989 328 1042 et
344 979 500 1046 delatura.
823 975 941 1055 huius,
963 978 989 1038 si
1012 979 1078 1060 ipse
1103 979 1167 1041 boo
1187 981 1268 1040 fecit
1283 988 1313 1040 et

215 1075 219 1079 ’
700 1143 703 1150 «
823 1060 1313 1206 tamt‘statana

823 1223 1005 1302 locarerit,
1034 1225 1123 1286 VIII.
1153 1227 1231 1286 den.
1259 1225 1313 1306 qui

823 1307 950 1367 faciunt
962 1307 1019 1368 sol.
1034 1305 1099 1372 CC.
1116 1309 1203 1389 culp.
1220 1306 1286 1372 iad.

867 1387 945 1450 Vll.
987 1388 1022 1451 si
1041 1389 1114 1470 quis
1130 1386 1262 1450 domum
1280 1388 1312 1448 in

696 1479 700 1486 “
823 1471 953 1534 modum
970 1469 1119 1532 basilicae
1141 1471 1259 1533 factam
1279 1472 1314 1543 b)

824 1575 922 1636 super
958 1551 1122 1614 hominem
1153 1563 1313 1612 mortuum

825 1633 1056 1718 expoliaverit,
1079 1632 1160 1696 ICC.
1175 1634 1313 1716 den.qui

822 1717 947 1778 faciunt
957 1717 1014 1778 sol.
1026 1715 1132 1782 XXX.
1149 1718 1237 1798 culp.
1250 1717 1313 1778 iud.
1396 1755 1397 1796 ,

825 1806 960 1883 excepto
976 1796 1104 1882 o'apitali
1120 1805 1153 1860 et
1168 1799 1313 1862 ditatura.

825 1952 917 2024 'I'tm
929 1953 1068 2026 LVIII.
1118 1952 1176 2023 De
1194 1954 1315 2024 ineen-

826 2051 886 2120 dio
902 2052 979 2122 sire
996 2051 1241 2144 expoliatione
1253 2075 1313 2120 ec-

826 2149 979 2240 clesiae,
1008 2152 1085 2221 sive
1109 2149 1313 2219 homicidiis

878 2296 881 2300 -
957 2249 1189 2322 clericorum

825 2455 853 2518 L
853 2374 1011 2520 &betur
1017 2373 1102 2458 infra
1112 2387 1186 2458 post
1195 2372 1314 2438 titulum

486 2645 488 2650 ·
825 2587 917 2696 rra.
942 2623 1045 2694 Lm.
1099 2623 1157 2694 ne
1184 2645 1230 2693 eo
1255 2621 1312 2716 qa

210 2712 302 2790 Ttt'.
334 2706 440 2783 LIX·
489 2705 547 2776 D⁰
578 2701 796 2798 D⁰⁵P⁰⁰ll⁰··
824 2723 872 2792 ad
897 2724 1045 2794 mallum
1070 2722 1199 2793 reniae
1223 2744 1313 2790 coo-

449 2806 567 2903 sslbuso
967 2822 1166 2914 tempserit.

250 2983 278 3046 I.
319 2982 447 3064 Siquis
470 2980 510 3043 ad
526 2980 661 3042 Mallum
683 2977 795 3043 venire
863 2983 889 3044 I.
930 2983 963 3046 Si
978 2983 1097 3066 qnisad
1113 2983 1245 3043 mallum
1261 2999 1311 3041 re-

211 3064 410 3148 dIspexerit,
432 3074 487 3124 aut
516 3064 602 3145 quod
630 3063 661 3123 ei
695 3083 713 3120 a
737 3063 797 3122 lta·
824 3065 894 3127 nire
915 3067 1156 3148 contempserit,
1179 3075 1212 3125 et
1227 3061 1310 3146 quod

207 3145 403 3228 tbinbnrgiis
421 3147 525 3208 fuerat
546 3144 721 3205 indicatum
738 3143 796 3204 ad·
824 3149 855 3208 ei
889 3169 906 3206 a
934 3147 1158 3230 Reginburgiis
1194 3148 1312 3207 iudica·

209 3231 345 3312 implere
358 3226 515 3303 noluerit,
537 3225 564 3286 si
581 3247 641 3287 neo
657 3227 696 3286 de
708 3245 796 3286 com·
824 3238 893 3289 tum
914 3229 1031 3308 luerit,
1054 3230 1188 3312 implere
1212 3229 1309 3288 distu-

207 3311 385 3396 positione,
409 3329 468 3369 nec
487 3309 527 3368 ad
548 3306 713 3384 Aeaeum,
735 3327 796 3368 neo
825 3310 917 3386 lesit,
940 3311 964 3372 si
981 3333 1041 3374 nec
1059 3311 1099 3372 de
1112 3309 1309 3392 compositio·

209 3393 250 3457 de
268 3391 336 3452 nlla
351 3389 421 3473 lege
445 3389 540 3451 Iidem
554 3387 661 3450 faeere
682 3389 796 3451 volue-
824 3413 882 3469 ne,
906 3413 965 3455 nec
984 3395 1023 3454 de
1040 3393 1106 3454 ulla
1127 3395 1198 3473 lege
1216 3391 1309 3452 fidem

207 3475 274 3555 rit,
302 3481 382 3532 tuno
407 3472 447 3532 ad
468 3471 564 3554 Regis
584 3469 796 3554 praesentiam
822 3475 929 3535 faeere
967 3475 1124 3551 voluerit,
1163 3484 1243 3534 tune
1270 3471 1308 3531 ad

208 3558 277 3642 ipse
305 3553 444 3614 manniri
474 3553 588 3630 debet,
616 3562 649 3612 et
675 3553 796 3613 ibidem
822 3555 918 3636 Regis
956 3557 1167 3639 praesentiam
1208 3555 1308 3636 ipsum

208 3661 283 3702 cum
299 3634 612 3698 duodecimtestibus
629 3634 676 3694 ire
688 3634 794 3712 debet,
823 3635 968 3700 mannire
992 3638 1104 3716 debet,
1134 3647 1167 3698 et
1190 3636 1308 3697 ibidem

208 3721 267 3805 qui
282 3740 340 3806 per
354 3717 480 3801 singula
496 3717 613 3802 placita
634 3715 729 3777 iurati
748 3716 795 3777 di·
822 3719 897 3780 XII.
909 3729 1005 3781 testes
1018 3740 1083 3782 esse
1098 3719 1232 3795 debent,
1253 3717 1307 3797 qui

207 3811 299 3880 cant,
320 3800 409 3884 qnod
431 3799 550 3862 ibidem
564 3793 718 3876 luissent,
738 3798 794 3858 ubi
823 3822 882 3882 per
902 3801 1029 3884 singula
1042 3800 1157 3884 placita
1174 3799 1310 3860 iurando

206 3882 410 3964 Rathihurgii
438 3881 468 3942 ei
489 3881 737 3959 indicaverunt,
759 3891 797 3943 ut
823 3882 950 3962 dicant,
977 3885 1066 3964 quod
1090 3883 1209 3943 ibidem
1234 3880 1308 3942 fuis·

96 3979 100 3984 “
207 3968 250 4034 ad
268 3967 415 4032 Aeneam
439 3963 631 4064 ambularet,
652 3970 708 4025 ant
734 3973 923 4046 portent,
960 3965 1016 4026 ubi
1041 3963 1248 4048 Raginbnrgii
1277 3960 1309 4023 ei

207 4119 647 4140 Μ

276 4141 355 4266 gila
373 4205 452 4260 marg.
470 4157 580 4248 borello.
679 4183 709 4257 t)
726 4183 826 4260 Quinq.
845 4186 919 4244 atah.
928 4187 1052 4262 flectam
1134 4171 1135 4176 ἵ
1252 4155 1255 4162 ⁴
