2906 5008
110 324 119 376 i

211 261 290 334 vm
487 275 593 334 caera
612 277 888 334 assusunoaun
905 279 975 332 rrr.
995 277 1057 333 vu.

211 417 427 513 illinitis&
445 417 505 492 Da
528 421 774 509 'iuraturibns,
802 419 927 513 quales
953 432 989 490 et
1015 431 1166 514 quantos
1191 443 1337 492 aecum

211 527 288 564 Μ
302 514 341 556 '²³
380 516 385 531 ’
416 520 650 635 *duramnus
671 519 784 590 homo
809 521 946 589 habere
969 517 1090 596 debet.

211 587 273 644 ἸΝ
296 600 336 713 pp
364 618 414 711 De
440 622 620 711 minoribus
638 647 740 712 causis
761 669 864 732 nsque
886 648 928 714 ad
942 648 1086 712 solidmu
1104 648 1268 720 valentem
1291 657 1335 731 ²)

215 731 501 814 hetrusciamque
520 733 653 814 qualem
674 732 938 798 sacramentalem
958 752 1061 794 unum
1078 753 1189 796 secum
1207 732 1336 798 habere

213 818 309 898 ¹uultp'
322 817 355 879 in
379 833 438 880 suo
459 824 659 878 sacramento
679 815 859 878 conficere.

226 955 232 965 ,
296 899 344 960 ΣΙ,
380 898 460 958 Nam
488 898 516 962 si
544 899 623 962 duas
651 898 759 981 Saigas
785 897 949 960 valentem
978 918 1075 982 snpra
1106 897 1250 965 solidam
1272 921 1336 964 res

213 981 355 1047 valuerit
375 980 415 1042 de
437 1001 502 1062 qua
522 1001 633 1050 cauma
648 989 718 1042 orta
738 979 838 1044 fuerit
851 979 914 1061 y),
936 988 1015 1042 tuac
1035 979 1134 1044 dehet
1150 981 1249 1046 horno
1265 981 1334 1065 qui

216 1085 359 1128 caussam
372 1061 529 1145 requirit,
553 1074 616 1126 tres
638 1064 758 1125 electos
785 1063 995 1124 denominare
1011 1071 1098 1126 etex
1113 1063 1336 1128 denominatis

213 1141 318 1208 tubus
338 1145 503 1207 licentiam
523 1143 620 1207 habet
639 1153 810 1208 excusator
828 1146 966 1207 reiicere
979 1144 1075 1217 duos;
1096 1146 1227 1208 tertium
1249 1169 1336 1210 vero

214 1251 281 1294 neu
295 1228 373 1292 licet
381 1229 594 1306 reiicere,sed
602 1228 707 1312 ipsum
716 1249 826 1290 secum
838 1228 871 1288 in
883 1237 1081 1292 sacramanto
1093 1228 1212 1292 habere
1222 1231 1336 1298 debet.

299 1312 362 1380 ΙΙΙ.
403 1310 498 1393 Saiga
524 1320 632 1373 autem
661 1319 709 1374 est
740 1319 856 1394 quarta
884 1333 957 1394 pars
980 1311 1143 1390 tremissi,
1177 1312 1241 1376 hoc
1267 1323 1334 1392 est,

216 1393 368 1457 denarius
384 1415 479 1459 nnus.
500 1396 592 1456 Duae
611 1392 724 1476 Saigae
745 1401 796 1471 z),
811 1394 876 1456 duo
899 1393 1026 1456 denarii
1046 1394 1212 1458 dicuntur.
1244 1397 1335 1460 Tre·

215 1478 330 1540 missua
354 1487 401 1539 est
419 1475 511 1536 tertia
532 1497 605 1558 pars
626 1476 736 1554 solidi,
757 1485 790 1538 et
810 1486 887 1538 aaut
907 1475 1034 1538 denarii
1058 1487 1198 1559 quatuor
1222 1485 1268 1560 a).

299 1561 358 1626 IV.
401 1561 449 1620 Ita
471 1557 705 1622 observandum
727 1568 777 1621 est
800 1559 966 1640 usquead
994 1568 1059 1622 tres
1079 1560 1210 1622 solidos.

296 1643 337 1708 V.
378 1643 420 1704 Et
441 1662 537 1724 supra
560 1651 624 1703 tres
645 1641 765 1704 solidos
786 1640 903 1702 iterum
924 1638 960 1726 b)
983 1641 1061 1704 duae
1089 1643 1198 1724 Saigas
1218 1641 1336 1704 valen·

213 1735 272 1802 tes,
293 1725 320 1787 si
349 1724 465 1806 aliquis
489 1723 714 1806 interpellatus
736 1725 846 1802 luerit,
869 1733 948 1784 tnnc
970 1723 1028 1806 qui
1051 1745 1192 1786 caussam
1212 1746 1333 1808 prose-

215 1816 310 1869 cutus
329 1807 448 1883 fucrit,
471 1806 666 1868 electionem
682 1806 779 1868 saciat
803 1806 842 1869 de
869 1806 1140 1884 coniuratoribus,
1164 1808 1255 1869 unde·
1269 1828 1335 1868 ex-

212 1899 342 1953 cusator
368 1891 480 1972 quales
503 1887 583 1950 duos
604 1889 744 1952 relicere
766 1889 909 1951 voluerit
929 1898 1119 1971 potestatem
1140 1889 1275 1959 habeat;
1297 1896 1334 1949 et

213 1995 288 2036 cum
315 1974 441 2035 duobus
469 1971 665 2034 iuratoribus
693 1970 753 2033 iste
783 1973 863 2034 ordo
889 1977 917 2051 c)
945 1972 1121 2036 serrandus
1148 1983 1196 2034 est
1224 1992 1332 2054 usque

215 2057 257 2120 ad
279 2077 337 2119 sex
358 2054 489 2118 solidos.

296 2139 352 2200 Vl.
373 2140 453 2198 Nam
466 2137 493 2200 si
505 2137 705 2220 dnaeSaigae
719 2157 817 2218 supra
830 2145 917 2214 aaut,
930 2145 1010 2199 tnnc
1020 2159 1095 2198 cum
1107 2137 1255 2221 quinque
1268 2159 1331 2198 sua

213 2242 312 2300 manu
339 2231 427 2283 sexta
445 2221 551 2280 iurare
573 2220 678 2298 debet,
701 2219 851 2283 similiter
878 2241 951 2280 cum
974 2221 1104 2299 electis,
1126 2222 1210 2282 sicut
1230 2241 1330 2302 supra

213 2301 338 2366 dictum
354 2313 416 2372 est;
444 2313 476 2363 et
496 2303 575 2364 duos
591 2303 623 2362 in
645 2302 794 2364 omnibus
811 2300 878 2363 istis
896 2301 1066 2363 ordinibus
1080 2304 1217 2364 reiicere
1240 2303 1331 2362 licet.

300 2387 372 2447 Vll.
414 2389 479 2447 Ista
509 2397 705 2447 sacramenta
739 2385 859 2445 debent
886 2406 954 2446 esse
985 2385 1089 2446 iurata
1110 2385 1174 2463 d),
1206 2396 1247 2446 ut
1274 2384 1328 2444 illi

210 2469 436 2532 coniuratores
457 2489 571 2532 manus
592 2490 664 2530 snas
688 2489 785 2550 super
808 2488 934 2548 capsam
953 2479 1086 2550 ponant,
1109 2479 1141 2530 et
1162 2468 1219 2528 ille
1238 2467 1328 2529 solus

209 2553 269 2615 uui·
297 2573 408 2614 sarissa
429 2551 609 2633 requiritur
630 2552 728 2613 verba
748 2559 874 2609 tantum
896 2550 993 2626 dicat,
1016 2562 1049 2612 et
1063 2572 1160 2633 super
1179 2551 1327 2610 omnium

211 2657 326 2697 menae
345 2655 474 2695 manum
496 2655 586 2694 suam
610 2644 719 2715 ponat,
741 2643 778 2694 ut
796 2631 843 2694 sic
869 2632 919 2693 illi
941 2634 1031 2694 Deus
1051 2634 1182 2694 adiuvet
1206 2633 1258 2692 rel
1286 2630 1327 2691 il·

213 2719 264 2780 lae
286 2717 444 2800 reliquiae
471 2715 512 2775 ed
535 2715 605 2775 illas
629 2736 661 2774 e·
685 2737 798 2774 manus
825 2735 904 2795 quas
935 2715 1182 2797 comprehensus
1210 2713 1330 2792 habet,

214 2802 311 2879 atde
338 2801 395 2860 illa
416 2819 510 2861 causa
538 2798 622 2859 unde
647 2797 870 2880 interpellatus
892 2803 940 2859 est
954 2797 1125 2880 culpabilis
1148 2797 1285 2858 nonsit.

215 2919 305 2990 Tru.
331 2918 416 2991 Vll.
467 2912 526 2985 De
557 2914 681 2984 liberis
714 2914 777 3007 qui
795 2913 853 3082 ‘dp
890 2913 1055 2984 Ecclesia
1088 2915 1228 3010 aliquid
1262 2913 1329 2984 lu-

312 3067 315 3074 .
684 3035 859 3086 ravenn.

295 3136 322 3210 i'.
366 3141 400 3204 si
422 3141 494 3228 quis
515 3160 566 3203 res
585 3139 750 3204 Ecclesiae
773 3141 942 3218 furaverit,
967 3151 999 3203 et
1024 3141 1192 3205 convictus
1214 3139 1328 3219 inerit,

209 3223 255 3306 'tat'
270 3227 415 3287 solvatur
436 3224 784 3310 unicuique'rciquam
808 3223 966 3287 furaverit
974 3223 1025 3307 j),
1050 3236 1115 3287 tres
1137 3223 1329 3308 novigeldos

283 3407 318 3474 x)
336 3405 446 3458 Herold.
467 3409 628 3462 valentibus.
694 3410 740 3476 y)
758 3409 868 3462 Herold.
889 3423 937 3463 aut
963 3427 1047 3478 supra
1073 3407 1190 3462 solidum
1209 3425 1253 3461 res
1280 3425 1329 3459 va-

211 3478 312 3546 luerit.¹
374 3475 402 3546 z)
420 3477 527 3530 Thoan.
547 3481 613 3531 Met.
633 3489 660 3530 et
679 3480 731 3530 Til.
757 3478 809 3532 dua
827 3480 909 3550 salgi.
959 3479 1087 3535 Schilter.
1115 3495 1220 3550 semper
1243 3477 1331 3531 habet

208 3538 362 3616 iiagiupro
381 3549 475 3618 Saiga.
539 3549 574 3615 α)
592 3551 692 3600 Totrun
716 3549 769 3600 hoc
793 3558 877 3619 caput
902 3548 932 3600 in
957 3549 1072 3600 Heroldi
1092 3550 1214 3602 editione
1241 3549 1325 3600 deest.
1431 3581 1432 3606 3

213 3618 373 3676 lit-Herold.
401 3619 439 3669 Ee
458 3620 483 3670 si
499 3637 583 3683 supra
602 3631 656 3669 tres
675 3620 725 3669 sol.
745 3622 843 3672 iterum
867 3631 916 3671 etc.
954 3619 1099 3672 Lindenbr.
1117 3623 1218 3673 Iterum
1238 3631 1263 3670 et
1279 3637 1328 3669 su·
1431 3623 1432 3628 ’

209 3705 263 3758 pro
281 3698 335 3739 tres
352 3688 404 3741 sol.
439 3689 530 3740 Baius.
553 3697 581 3740 et
600 3687 726 3740 Schilter.
747 3689 891 3741 verba:'et
903 3707 986 3760 snpra
1002 3701 1057 3742 tres
1074 3692 1125 3742 sol.
1140 3688 1221 3761 priori
1240 3687 1325 3757 capiti

211 3758 336 3823 iungunt.
410 3763 439 3822 e)
458 3759 567 3810 Herold.
588 3760 812 3812 coniuratoribus
831 3760 911 3811 iuret.
951 3758 1087 3815 Isteordo.
1159 3758 1198 3825 d)
1213 3757 1322 3812 Herold.

210 3829 270 3879 Ista
284 3841 355 3880 vero
374 3842 549 3881 sacramenta
567 3831 607 3879 sic
626 3826 813 3900 debentfieri.
857 3829 883 3898 e)
901 3829 1010 3881 Herold.
1029 3841 1055 3882 et
1073 3829 1146 3880 illas.
1191 3827 1237 3899 s)
1256 3827 1323 3880 Cod.

210 3896 312 3963 aegris
326 3901 500 3951 resolvatur
523 3899 674 3966 unicuique
692 3901 734 3950 rei
752 3915 824 3970 quae
845 3899 959 3963 furavit.
996 3899 1123 3953 Corbion.
1143 3910 1172 3950 ut
1195 3901 1326 3951 solvatur

205 3971 435 4040 praesciscerent
463 3988 535 4040 pisae
553 3967 673 4034 fierualt.
715 3968 822 4021 Thoan.
844 3978 871 4020 et
890 3968 1000 4021 Herold.
1029 3982 1059 4022 ut
1080 3971 1206 4021 solvatur
1227 3987 1324 4020 unam·

217 4036 229 4049 ““
249 4031 290 4090 alu
333 4057 346 4091 e
365 4057 421 4091 rem
438 4057 520 4110 quum
534 4038 654 4105 furonis.
681 4037 747 4088 Met.
767 4047 795 4090 et
814 4037 968 4093 editiuTil.
988 4051 1018 4091 ut
1035 4041 1128 4092 solvat
1144 4055 1325 4111 unamquam-

205 4053 284 4180 gllet‘
305 4101 363 4160 lua-¹
391 4117 454 4159 rtem
473 4109 626 4178 'feramus
671 4105 747 4158 Lind.
776 4119 806 4161 ut
828 4110 918 4160 solvat
937 4110 1086 4182 usaieuiqne
1113 4111 1160 4172 rei·
1177 4126 1261 4180 quam
1271 4109 1324 4178 su-

208 4171 336 4230 revisit?
365 4127 502 4246 (ipsiorum
520 4177 668 4230 lectionem
688 4175 774 4230 habet
801 4177 927 4231 Schilter.
948 4183 1092 4232 eorsvictus
1107 4179 1206 4247 siseris,
1227 4195 1324 4230 naum-

209 4265 346 4319 qoamque
357 4265 504 4320 scrupeum
519 4250 669 4318 surremit,
689 4248 776 4303 tribus
795 4248 950 4322 novigsldis
962 4251 1065 4313 solvat,
1084 4242 1134 4302 aut
1150 4259 1322 4302 consumta.
