2906 5008
300 251 302 266 ’
382 289 485 345 saers
503 289 776 348 auauauuoanu
795 287 864 344 nr.
887 291 989 344 xxxv.
1162 279 1234 351 209
1319 319 1322 328 -

128 447 201 492 anm,
220 426 245 482 ei
264 428 420 499 imputetur.
473 429 682 498 Qualiscumque
708 437 797 480 autern
824 427 906 480 homo
930 428 1025 494 egerit,
1052 435 1102 485 'eut
1128 413 1237 506 aliqrild

128 498 291 566 neglexerit,
312 509 360 552 aut
377 509 470 550 contra
488 500 575 566 legem
595 499 708 561 lecerit,
727 499 799 550 illud
822 515 901 550 omne
920 497 1063 566 tripliciter
1081 517 1235 574 componat.

129 571 185 620 Ille
202 577 293 620 autem
313 569 391 621 cuius
409 587 490 638 opera
509 570 552 623 vel
571 585 638 622 voce
656 569 725 622 haec
744 570 884 622 contentio
902 576 964 621 acta
983 568 1075 634 luerit,
1088 573 1137 627 ΚΧ.
1157 577 1234 630 solid.

127 640 157 691 in
176 637 288 709 publico
307 648 462 709 componat.

130 778 220 848 Trr.
245 776 431 850 XXXIV.
481 775 575 872 (35.)
626 777 684 846 De
699 801 742 846 eo
761 779 821 870 qui
839 781 1122 871 praesumpserit
1141 780 1238 856 infra

252 878 475 969 provinciam
503 900 560 946 res
588 879 701 946 Ducis
727 877 908 948 hostiliter
930 877 1117 952 invadere.-

212 1033 248 1097 si
276 1035 348 1116 quis
373 1037 625 1118 praesumpserit
652 1037 737 1096 infra
764 1036 964 1119 provinciam
995 1038 1157 1102 hostiliter
1185 1065 1238 1106 res

128 1117 229 1180 Ducis
252 1118 402 1179 invadere
425 1131 457 1180 et
479 1121 559 1201 ipsas
580 1122 701 1195 talare,
733 1129 858 1201 etpost
880 1121 960 1182 haec
982 1124 1147 1185 convictus
1162 1127 1237 1188 fue·

128 1203 189 1278 rit,
209 1201 436 1284 quicquideibi
456 1204 573 1262 tultum
589 1209 630 1278 y)
653 1201 763 1277 fuerit,
783 1203 953 1284 mancipia,
976 1205 1030 1264 vel
1051 1208 1236 1287 pecuniam,

130 1283 238 1344 omnia
260 1283 429 1366 tripliciter
448 1287 605 1360 restituat,
629 1294 661 1344 et
676 1285 808 1364 insuper
822 1285 1032 1366 weregildum
1047 1309 1140 1350 suum
1153 1291 1238 1352 Duci
1282 1329 1283 1334 κ

131 1375 318 1447 componat,
349 1367 425 1448 quia
454 1379 564 1428 contra
583 1369 688 1448 legem
708 1367 794 1430 fecit.
836 1367 879 1427 Et
899 1369 1123 1448 quantiliberi
1143 1372 1235 1434 illum

129 1459 206 1510 sunt
220 1449 333 1526 secuti,
356 1459 389 1508 et
411 1449 455 1508 ibi
476 1461 618 1531 raptores
638 1449 771 1525 fuerint,
794 1457 827 1509 et
844 1448 919 1509 inde
943 1451 1083 1520 convicti
1102 1455 1238 1532 fuerint,

128 1531 353 1612 unusquisque
378 1532 542 1614 sexaginta
565 1532 684 1592 solidos
702 1531 786 1592 Dnci
807 1542 1000 1614 componat,
1029 1543 1061 1596 et
1077 1537 1236 1621 quicquid

128 1613 250 1676 ibidem
271 1613 422 1692 tulerint,
444 1635 571 1697 semper
596 1614 767 1698 tripliciter
787 1613 965 1676 restituant.
986 1659 988 1670 .
1184 1638 1187 1641 ·

179 1790 267 1860 ΤΙΤ.
293 1788 458 1862 XXXV.
509 1796 604 1873 (36.)
653 1789 711 1858 De
736 1789 812 1858 filio
830 1790 943 1860 Ducis
970 1793 1032 1887 qui
1056 1805 1184 1865 contra

425 1901 566 1983 patrem
592 1888 697 1958 suum
725 1893 940 1982 surrexerit.

212 2049 239 2113 Ι.
281 2050 316 2112 Si
345 2051 418 2134 quis
446 2052 523 2110 Dux
546 2049 643 2110 habet
665 2049 768 2109 filium
798 2059 1021 2112 contumacem
1044 2058 1079 2112 et
1103 2051 1234 2133 malum,

129 2131 189 2219 qui
222 2133 382 2194 rebellare
420 2143 557 2194 conetur
602 2141 712 2193 contra
753 2134 856 2216 ipsum
885 2144 1007 2216 patrem
1036 2155 1130 2194 suum
1177 2153 1237 2219 per·

129 2215 299 2286 stultitiam
321 2238 410 2278 suam
428 2215 482 2277 vel
507 2236 566 2296 per
588 2215 760 2276 consilium
775 2216 943 2276 'malorum
966 2215 1152 2296 hominnm,
1175 2220 1234 2300 qui

127 2301 245 2366 volunt
274 2299 426 2380 dissipare
458 2297 674 2380 provinciam,
706 2307 738 2359 et
764 2297 925 2358 hostiliter
950 2299 1090 2362 surrexit
1121 2312 1251 2362 contra

127 2383 233 2463 ipsum
250 2375 373 2464 patrem
391 2403 494 2456 suum,
510 2380 586 2440 dum
599 2380 704 2441 adbuc
716 2393 805 2462 pater
823 2381 891 2442 eius
906 2389 1019 2462 potens
1036 2391 1092 2458 est,
1115 2393 1147 2444 et
1168 2383 1235 2444 uti·

125 2465 251 2525 litatem
281 2465 377 2544 Regis
405 2475 509 2546 potest
533 2463 657 2533 lacere,
689 2464 723 2524 id
749 2473 806 2539 est,
828 2463 1007 2523 exercitum
1030 2465 1231 2544 gnbernare,

126 2568 249 2628 equum
276 2546 465 2622 ascendere,
496 2545 668 2606 utilitatem
689 2544 783 2626 Regis
808 2545 959 2626 implere,
992 2555 1024 2606 et
1048 2547 1133 2607 fitius
1162 2549 1231 2610 eius

127 2650 203 2690 eum
221 2628 518 2706 vnltdishonorare,
533 2638 587 2688 ant
607 2639 804 2709 perruptum
819 2649 956 2708 regnum
972 2627 1041 2688 cius
1055 2628 1231 2709 possidere,

127 2731 195 2770 non
222 2711 364 2770 obtineat
391 2711 476 2792 qnod
498 2711 671 2776 inchoavit.
711 2709 797 2770 Etsi
816 2717 907 2792 pater
923 2711 992 2770 eins
1012 2731 1086 2770 eum
1106 2709 1231 2787 vicerit,

128 2801 162 2854 et
184 2789 426 2876 adprehendere
449 2794 601 2875 potuerit,
625 2793 658 2851 in
688 2813 744 2852 sua
769 2791 810 2852 sit
836 2786 1016 2873 postestate]
1039 2800 1093 2851 aut
1117 2793 1233 2853 exiliet

128 2897 204 2938 curn
217 2877 263 2936 de
277 2875 460 2956 provincia,
483 2881 560 2952 (aut
576 2877 762 2956 ubicunque
779 2873 969 2934 transmittat
982 2895 1065 2952 eum,
1083 2883 1137 2935 aut
1150 2875 1229 2956 Regi

129 2956 260 3020 domino
281 2979 351 3035 suo,
374 2960 464 3018 etde
488 2959 667 3019 hereditate
687 2965 818 3039 paterna
837 2956 974 3036 amplius
990 2957 1031 3016 ad
1050 2979 1123 3016 enm
1143 2955 1230 3018 nihil
1250 2961 1254 2969 ”

127 3041 301 3124 pertineat,
323 3041 398 3122 quia
420 3041 576 3102 inlicitam
601 3060 670 3101 rem
699 3048 809 3098 contra
836 3047 957 3119 patrem
980 3060 1072 3099 sunm
1090 3039 1168 3099 fecit
1187 3044 1230 3117 z).

212 3122 257 3187 ll.
298 3123 340 3182 Et
362 3122 389 3182 si
410 3124 522 3184 fratres
543 3122 701 3197 habuerit,
724 3121 784 3202 ipsi
804 3122 916 3181 fratres
939 3120 1026 3184 inter
1042 3143 1076 3182 se
1098 3142 1157 3202 per
1176 3143 1230 3184 ro·

128 3205 286 3266 luntatcm
306 3204 401 3286 Regis
423 3205 570 3267 dividant
591 3205 801 3264 hereditatem
818 3203 915 3284 patris
937 3225 1058 3268 eorum,
1099 3203 1228 3264 llliau·
1279 3273 1280 3276 Ἴ

127 3299 195 3348 tem
220 3287 277 3369 qui
302 3287 474 3349 rebellavit
497 3297 608 3349 contra
634 3293 758 3369 patrem
786 3307 878 3347 suurn
905 3306 970 3345 non
1001 3286 1081 3346 dent
1107 3287 1227 3370 portio·

129 3391 207 3431 nem
235 3369 319 3430 inter
338 3371 433 3451 ipsos.

215 3451 277 3514 Ill.
316 3454 358 3514 Et
373 3453 399 3514 si
418 3452 553 3535 amplius
576 3472 640 3511 non
662 3448 761 3510 suerit
781 3449 842 3510 nisi
862 3449 918 3510 illc
941 3471 1023 3510 unns
1044 3449 1101 3532 qni
1126 3452 1230 3514 rebel·
1259 3477 1261 3482 ’

129 3534 227 3612 lavit,
255 3544 333 3596 tunc
357 3535 414 3595 illa
434 3535 607 3611 hereditas,
630 3554 725 3614 quam
745 3533 801 3591 ille
824 3535 898 3592 Dux
915 3531 1038 3610 hahuit,
1061 3543 1132 3614 post
1148 3558 1231 3595 mor·

129 3627 198 3678 tem
223 3616 292 3677 eius
318 3618 352 3676 in
375 3626 529 3700 potestate
551 3615 647 3697 Regis
671 3613 721 3689 sit,
745 3613 796 3674 cui
818 3615 891 3675 vult
913 3615 1024 3692 donet,
1047 3625 1101 3674 aut
1130 3619 1179 3676 illi
1197 3618 1232 3676 li·
1261 3651 1262 3656 κ

130 3701 178 3761 lio
197 3701 296 3761 Ducis
317 3700 375 3782 qni
394 3700 581 3776 rebellavit,
615 3698 643 3757 si
668 3697 811 3779 potuerit
829 3717 889 3778 per
914 3697 1079 3756 servitium
1103 3697 1164 3760 boc
1192 3701 1248 3776 ad¹
1274 3717 1277 3722 “

129 3782 230 3864 pedes
251 3783 346 3866 Regis
375 3782 565 3866 conquirere
575 3807 587 3850 ;
615 3789 668 3840 aut
693 3780 720 3841 si
750 3777 806 3840 alii
831 3779 901 3840 vult
921 3779 1018 3855 dare,
1048 3779 1082 3838 in
1109 3803 1165 3841 sua
1191 3782 1233 3844 ait

131 3873 298 3948 potestate.

132 4007 567 4030 ffl

198 4103 233 4171 y)
249 4103 360 4157 Herold.
380 4103 514 4153 rellatum.
531 4103 564 4153 In
581 4119 660 4169 marg.
681 4103 810 4155 ablatum.
848 4099 976 4154 Scbiltcr.
994 4097 1080 4152 habet
1098 4100 1238 4166 tollerare

132 4173 237 4229 tulerit.
326 4173 361 4242 z)
384 4173 511 4226 Schilter.
541 4185 590 4224 aut
610 4172 813 4242 Regi'domr'no
835 4169 901 4232 squ
926 4184 955 4224 ut
980 4175 1145 4245 quocunque
1173 4172 1242 4243 velit,

133 4245 300 4300 transmittet
317 4259 386 4301 eum.
423 4243 461 4296 Et
475 4241 507 4296 de
526 4241 676 4297 hereditare
697 4257 816 4314 paterna
843 4243 922 4296 nulla
946 4260 1012 4310 pars
1031 4240 1237 4310 eiedhuercat

895 4322 942 4433 ri
1047 4354 1075 4366 ·†
