<?xml version="1.0" encoding="UTF-8"?>
<!DOCTYPE html PUBLIC "-//W3C//DTD XHTML 1.0 Transitional//EN"
    "http://www.w3.org/TR/xhtml1/DTD/xhtml1-transitional.dtd">
<html xmlns="http://www.w3.org/1999/xhtml" xml:lang="en" lang="en">
 <head>
  <title>
</title>
<meta http-equiv="Content-Type" content="text/html;charset=utf-8" />
  <meta name='ocr-system' content='tesseract 3.04.00' />
  <meta name='ocr-capabilities' content='ocr_page ocr_carea ocr_par ocr_line ocrx_word'/>
</head>
<body>
  <div class='ocr_page' id='page_1' title='image "./corpusiurisgerm02visigoog/corpusiurisgerm02visigoog_0360.png"; bbox 0 0 2900 5020; ppageno 0'>
   <div class='ocr_carea' id='block_1_1' title="bbox 310 289 1030 374">
    <p class='ocr_par' dir='ltr' id='par_1_1' title="bbox 310 289 1030 374">
     <span class='ocr_line' id='line_1_1' title="bbox 310 289 1030 374; baseline -0.003 -20"><span class='ocrx_word' id='word_1_1' title='bbox 310 299 313 305; x_wconf 81' lang='grc'><strong>’</strong></span> <span class='ocrx_word' id='word_1_2' title='bbox 345 299 450 354; x_wconf 77' lang='lat' dir='ltr'><strong>naurs</strong></span> <span class='ocrx_word' id='word_1_3' title='bbox 468 300 758 355; x_wconf 82' lang='lat' dir='ltr'><strong>anaannmonnu</strong></span> <span class='ocrx_word' id='word_1_4' title='bbox 777 298 849 372; x_wconf 72' lang='lat' dir='ltr'><strong>ru.</strong></span> <span class='ocrx_word' id='word_1_5' title='bbox 868 289 1030 374; x_wconf 75' lang='lat' dir='ltr'><strong>axxxnl&#39;</strong></span> 
     </span>
    </p>
   </div>
   <div class='ocr_carea' id='block_1_2' title="bbox 32 425 1254 528">
    <p class='ocr_par' dir='ltr' id='par_1_2' title="bbox 32 425 1254 528">
     <span class='ocr_line' id='line_1_2' title="bbox 32 425 1254 528; baseline -0.001 -25"><span class='ocrx_word' id='word_1_6' title='bbox 32 449 46 508; x_wconf 71' lang='grc' dir='ltr'><strong>ζ,</strong></span> <span class='ocrx_word' id='word_1_7' title='bbox 144 442 244 510; x_wconf 74' lang='lat' dir='ltr'><strong>centis</strong></span> <span class='ocrx_word' id='word_1_8' title='bbox 266 439 347 522; x_wconf 84' lang='lat' dir='ltr'><strong>legis</strong></span> <span class='ocrx_word' id='word_1_9' title='bbox 375 439 540 502; x_wconf 81' lang='lat' dir='ltr'>sanctione</span> <span class='ocrx_word' id='word_1_10' title='bbox 557 439 727 502; x_wconf 88' lang='lat' dir='ltr'><strong>constitui:</strong></span> <span class='ocrx_word' id='word_1_11' title='bbox 749 438 826 521; x_wconf 89' lang='lat' dir='ltr'><strong>qnia</strong></span> <span class='ocrx_word' id='word_1_12' title='bbox 848 425 880 498; x_wconf 91' lang='lat' dir='ltr'><strong>in</strong></span> <span class='ocrx_word' id='word_1_13' title='bbox 904 437 1038 502; x_wconf 81' lang='lat' dir='ltr'><strong>diversis</strong></span> <span class='ocrx_word' id='word_1_14' title='bbox 1052 440 1155 502; x_wconf 87' lang='lat' dir='ltr'><strong>causis</strong></span> <span class='ocrx_word' id='word_1_15' title='bbox 1177 461 1254 528; x_wconf 86' lang='lat' dir='ltr'><strong>prae</strong></span> 
     </span>
    </p>
   </div>
   <div class='ocr_carea' id='block_1_3' title="bbox 143 515 1256 613">
    <p class='ocr_par' dir='ltr' id='par_1_3' title="bbox 27 515 1256 613">
     <span class='ocr_line' id='line_1_3' title="bbox 143 515 1256 613; baseline -0.002 -26.283"><span class='ocrx_word' id='word_1_16' title='bbox 143 525 300 588; x_wconf 82' lang='lat' dir='ltr'><strong>facilitate</strong></span> <span class='ocrx_word' id='word_1_17' title='bbox 323 521 480 604; x_wconf 84' lang='lat' dir='ltr'><strong>plurimos</strong></span> <span class='ocrx_word' id='word_1_18' title='bbox 506 525 628 584; x_wconf 85' lang='lat' dir='ltr'><strong>referre</strong></span> <span class='ocrx_word' id='word_1_19' title='bbox 649 523 729 584; x_wconf 85' lang='lat' dir='ltr'><strong>falsa</strong></span> <span class='ocrx_word' id='word_1_20' title='bbox 751 521 974 613; x_wconf 70' lang='lat' dir='ltr'><strong>cognovimus,</strong></span> <span class='ocrx_word' id='word_1_21' title='bbox 1002 523 1195 608; x_wconf 79' lang='lat' dir='ltr'><strong>quipostea</strong></span> <span class='ocrx_word' id='word_1_22' title='bbox 1209 515 1256 585; x_wconf 74' lang='lat' dir='ltr'><strong>‘a‘d</strong></span> 
     </span>
    </p>
   </div>
   <div class='ocr_carea' id='block_1_4' title="bbox 41 600 1256 693">
    <p class='ocr_par' dir='ltr' id='par_1_4' title="bbox 41 600 1256 693">
     <span class='ocr_line' id='line_1_4' title="bbox 41 600 1256 693; baseline -0.001 -26"><span class='ocrx_word' id='word_1_23' title='bbox 41 647 68 660; x_wconf 86' lang='lat'><strong>-.</strong></span> <span class='ocrx_word' id='word_1_24' title='bbox 142 606 347 693; x_wconf 83' lang='lat' dir='ltr'><strong>probandum</strong></span> <span class='ocrx_word' id='word_1_25' title='bbox 367 627 450 686; x_wconf 90' lang='lat' dir='ltr'><strong>quae</strong></span> <span class='ocrx_word' id='word_1_26' title='bbox 469 600 662 682; x_wconf 80' lang='lat' dir='ltr'><strong>retulerint,</strong></span> <span class='ocrx_word' id='word_1_27' title='bbox 682 605 758 664; x_wconf 86' lang='lat' dir='ltr'><strong>dum</strong></span> <span class='ocrx_word' id='word_1_28' title='bbox 777 604 900 665; x_wconf 88' lang='lat' dir='ltr'><strong>damnis</strong></span> <span class='ocrx_word' id='word_1_29' title='bbox 918 603 982 666; x_wconf 89' lang='lat' dir='ltr'><strong>suis</strong></span> <span class='ocrx_word' id='word_1_30' title='bbox 1006 605 1136 686; x_wconf 86' lang='lat' dir='ltr'><strong>timent,</strong></span> <span class='ocrx_word' id='word_1_31' title='bbox 1160 604 1256 667; x_wconf 66' lang='lat' dir='ltr'><strong>etiaffl</strong></span> 
     </span>
    </p>
   </div>
   <div class='ocr_carea' id='block_1_5' title="bbox 96 686 709 776">
    <p class='ocr_par' dir='ltr' id='par_1_5' title="bbox 20 686 709 776">
     <span class='ocr_line' id='line_1_5' title="bbox 96 686 709 776; baseline -0.007 -25.552"><span class='ocrx_word' id='word_1_32' title='bbox 96 713 99 718; x_wconf 90' lang='lat'>·</span> <span class='ocrx_word' id='word_1_33' title='bbox 140 701 255 776; x_wconf 80' lang='lat' dir='ltr'><strong>sponte</strong></span> <span class='ocrx_word' id='word_1_34' title='bbox 281 709 315 751; x_wconf 87' lang='lat' dir='ltr'><strong>se</strong></span> <span class='ocrx_word' id='word_1_35' title='bbox 343 686 509 748; x_wconf 87' lang='lat' dir='ltr'><strong>conflictui</strong></span> <span class='ocrx_word' id='word_1_36' title='bbox 533 697 709 770; x_wconf 82' lang='lat' dir='ltr'><strong>exponunt.</strong></span> 
     </span>
    </p>
   </div>
   <div class='ocr_carea' id='block_1_6' title="bbox 36 739 1272 938">
    <p class='ocr_par' dir='ltr' id='par_1_6' title="bbox 25 739 1272 938">
     <span class='ocr_line' id='line_1_6' title="bbox 225 739 1272 856; baseline 0 -23"><span class='ocrx_word' id='word_1_37' title='bbox 225 771 268 834; x_wconf 91' lang='lat' dir='ltr'><strong>ll.</strong></span> <span class='ocrx_word' id='word_1_38' title='bbox 310 769 464 832; x_wconf 86' lang='lat' dir='ltr'><strong>iubemus</strong></span> <span class='ocrx_word' id='word_1_39' title='bbox 495 789 591 850; x_wconf 83' lang='lat' dir='ltr'><strong>ergo,</strong></span> <span class='ocrx_word' id='word_1_40' title='bbox 630 779 664 830; x_wconf 93' lang='lat' dir='ltr'><strong>ut</strong></span> <span class='ocrx_word' id='word_1_41' title='bbox 689 769 729 832; x_wconf 92' lang='lat' dir='ltr'><strong>de</strong></span> <span class='ocrx_word' id='word_1_42' title='bbox 756 769 901 848; x_wconf 87' lang='lat' dir='ltr'><strong>testibus,</strong></span> <span class='ocrx_word' id='word_1_43' title='bbox 935 767 992 851; x_wconf 88' lang='lat' dir='ltr'><strong>qni</strong></span> <span class='ocrx_word' id='word_1_44' title='bbox 1019 793 1079 854; x_wconf 89' lang='lat' dir='ltr'><strong>pro</strong></span> <span class='ocrx_word' id='word_1_45' title='bbox 1108 739 1272 856; x_wconf 47' lang='lat' dir='ltr'><strong>quacun}</strong></span> 
     </span>
     <span class='ocr_line' id='line_1_7' title="bbox 36 849 1256 938; baseline 0.003 -26"><span class='ocrx_word' id='word_1_46' title='bbox 36 897 62 937; x_wconf 51' lang='lat'><strong>,3</strong></span> <span class='ocrx_word' id='word_1_47' title='bbox 142 879 206 938; x_wconf 84' lang='lat' dir='ltr'><strong>que</strong></span> <span class='ocrx_word' id='word_1_48' title='bbox 236 861 327 936; x_wconf 84' lang='lat' dir='ltr'><strong>parte</strong></span> <span class='ocrx_word' id='word_1_49' title='bbox 363 873 397 914; x_wconf 90' lang='lat' dir='ltr'><strong>se</strong></span> <span class='ocrx_word' id='word_1_50' title='bbox 433 849 586 930; x_wconf 86' lang='lat' dir='ltr'><strong>tulerint,</strong></span> <span class='ocrx_word' id='word_1_51' title='bbox 623 849 651 912; x_wconf 91' lang='lat' dir='ltr'><strong>si</strong></span> <span class='ocrx_word' id='word_1_52' title='bbox 679 853 718 912; x_wconf 91' lang='lat' dir='ltr'><strong>ad</strong></span> <span class='ocrx_word' id='word_1_53' title='bbox 750 851 936 914; x_wconf 89' lang='lat' dir='ltr'><strong>conflictum</strong></span> <span class='ocrx_word' id='word_1_54' title='bbox 970 873 1083 916; x_wconf 89' lang='lat' dir='ltr'><strong>causae</strong></span> <span class='ocrx_word' id='word_1_55' title='bbox 1119 855 1256 916; x_wconf 57' lang='lat' dir='ltr'><strong>descen*</strong></span> 
     </span>
    </p>
   </div>
   <div class='ocr_carea' id='block_1_7' title="bbox 23 932 1256 1106">
    <p class='ocr_par' dir='ltr' id='par_1_7' title="bbox 23 932 1256 1106">
     <span class='ocr_line' id='line_1_8' title="bbox 143 932 1255 1020; baseline -0.001 -20.09"><span class='ocrx_word' id='word_1_56' title='bbox 143 940 271 1014; x_wconf 82' lang='lat' dir='ltr'><strong>derint,</strong></span> <span class='ocrx_word' id='word_1_57' title='bbox 316 943 349 996; x_wconf 89' lang='lat' dir='ltr'><strong>et</strong></span> <span class='ocrx_word' id='word_1_58' title='bbox 378 933 490 994; x_wconf 86' lang='lat' dir='ltr'><strong>divino</strong></span> <span class='ocrx_word' id='word_1_59' title='bbox 523 932 646 995; x_wconf 91' lang='lat' dir='ltr'><strong>iudicio</strong></span> <span class='ocrx_word' id='word_1_60' title='bbox 678 935 777 996; x_wconf 88' lang='lat' dir='ltr'><strong>falsus</strong></span> <span class='ocrx_word' id='word_1_61' title='bbox 805 934 925 996; x_wconf 86' lang='lat' dir='ltr'><strong>ibidem</strong></span> <span class='ocrx_word' id='word_1_62' title='bbox 954 935 1075 997; x_wconf 81' lang='lat' dir='ltr'>relator</span> <span class='ocrx_word' id='word_1_63' title='bbox 1107 954 1255 1020; x_wconf 74' lang='lat' dir='ltr'><strong>pugnant</strong></span> 
     </span>
     <span class='ocr_line' id='line_1_9' title="bbox 23 1014 1256 1106; baseline -0.002 -24"><span class='ocrx_word' id='word_1_64' title='bbox 23 1015 69 1106; x_wconf 47' lang='lat' dir='ltr'><strong>,J</strong></span> <span class='ocrx_word' id='word_1_65' title='bbox 144 1017 355 1092; x_wconf 64' lang='lat' dir='ltr'><strong>occubuerit,</strong></span> <span class='ocrx_word' id='word_1_66' title='bbox 395 1014 488 1084; x_wconf 76' lang='lat' dir='ltr'><strong>CCC.</strong></span> <span class='ocrx_word' id='word_1_67' title='bbox 516 1015 637 1078; x_wconf 88' lang='lat' dir='ltr'><strong>solidos</strong></span> <span class='ocrx_word' id='word_1_68' title='bbox 673 1017 812 1079; x_wconf 88' lang='lat' dir='ltr'><strong>mulctae</strong></span> <span class='ocrx_word' id='word_1_69' title='bbox 846 1015 977 1078; x_wconf 89' lang='lat' dir='ltr'><strong>nomine</strong></span> <span class='ocrx_word' id='word_1_70' title='bbox 1012 1039 1122 1080; x_wconf 88' lang='lat' dir='ltr'><strong>omnes</strong></span> <span class='ocrx_word' id='word_1_71' title='bbox 1159 1023 1256 1100; x_wconf 72' lang='lat' dir='ltr'><strong>testes</strong></span> 
     </span>
    </p>
   </div>
   <div class='ocr_carea' id='block_1_8' title="bbox 60 1099 1259 1188">
    <p class='ocr_par' dir='ltr' id='par_1_8' title="bbox 60 1099 1259 1188">
     <span class='ocr_line' id='line_1_10' title="bbox 60 1099 1259 1188; baseline -0.002 -24"><span class='ocrx_word' id='word_1_72' title='bbox 60 1099 65 1108; x_wconf 59' lang='lat'><strong>⁴</strong></span> <span class='ocrx_word' id='word_1_73' title='bbox 144 1104 244 1188; x_wconf 83' lang='lat' dir='ltr'><strong>partis</strong></span> <span class='ocrx_word' id='word_1_74' title='bbox 277 1099 394 1182; x_wconf 85' lang='lat' dir='ltr'><strong>ipsius,</strong></span> <span class='ocrx_word' id='word_1_75' title='bbox 431 1120 450 1158; x_wconf 88' lang='lat' dir='ltr'><strong>a</strong></span> <span class='ocrx_word' id='word_1_76' title='bbox 476 1117 540 1180; x_wconf 86' lang='lat' dir='ltr'><strong>qna</strong></span> <span class='ocrx_word' id='word_1_77' title='bbox 566 1107 656 1179; x_wconf 89' lang='lat' dir='ltr'><strong>parte</strong></span> <span class='ocrx_word' id='word_1_78' title='bbox 679 1099 768 1161; x_wconf 89' lang='lat' dir='ltr'><strong>testis</strong></span> <span class='ocrx_word' id='word_1_79' title='bbox 798 1109 964 1182; x_wconf 89' lang='lat' dir='ltr'><strong>superatus</strong></span> <span class='ocrx_word' id='word_1_80' title='bbox 991 1109 1056 1177; x_wconf 90' lang='lat' dir='ltr'><strong>est,</strong></span> <span class='ocrx_word' id='word_1_81' title='bbox 1100 1101 1259 1186; x_wconf 76' lang='lat' dir='ltr'><strong>cogantur</strong></span> 
     </span>
    </p>
   </div>
   <div class='ocr_carea' id='block_1_9' title="bbox 12 1180 1258 1270">
    <p class='ocr_par' dir='ltr' id='par_1_9' title="bbox 12 1180 1258 1270">
     <span class='ocr_line' id='line_1_11' title="bbox 12 1180 1258 1270; baseline -0.005 -22"><span class='ocrx_word' id='word_1_82' title='bbox 12 1217 50 1270; x_wconf 61' lang='lat'><strong>:³</strong></span> <span class='ocrx_word' id='word_1_83' title='bbox 146 1187 327 1248; x_wconf 72' lang='lat' dir='ltr'><strong>exsolvere.</strong></span> <span class='ocrx_word' id='word_1_84' title='bbox 374 1182 442 1242; x_wconf 86' lang='lat' dir='ltr'><strong>Nec</strong></span> <span class='ocrx_word' id='word_1_85' title='bbox 462 1180 638 1240; x_wconf 85' lang='lat' dir='ltr'><strong>multorum</strong></span> <span class='ocrx_word' id='word_1_86' title='bbox 659 1181 741 1242; x_wconf 90' lang='lat' dir='ltr'><strong>male</strong></span> <span class='ocrx_word' id='word_1_87' title='bbox 764 1181 977 1243; x_wconf 77' lang='lat' dir='ltr'><strong>referentium</strong></span> <span class='ocrx_word' id='word_1_88' title='bbox 999 1183 1119 1244; x_wconf 82' lang='lat' dir='ltr'><strong>crimen</strong></span> <span class='ocrx_word' id='word_1_89' title='bbox 1143 1184 1258 1245; x_wconf 73' lang='lat' dir='ltr'><strong>credat-</strong></span> 
     </span>
    </p>
   </div>
   <div class='ocr_carea' id='block_1_10' title="bbox 145 1262 1258 1429">
    <p class='ocr_par' dir='ltr' id='par_1_10' title="bbox 145 1262 1258 1429">
     <span class='ocr_line' id='line_1_12' title="bbox 145 1262 1258 1350; baseline -0.004 -21"><span class='ocrx_word' id='word_1_90' title='bbox 145 1277 200 1329; x_wconf 89' lang='lat' dir='ltr'><strong>tur</strong></span> <span class='ocrx_word' id='word_1_91' title='bbox 227 1263 368 1350; x_wconf 90' lang='lat' dir='ltr'><strong>potuisse</strong></span> <span class='ocrx_word' id='word_1_92' title='bbox 396 1263 492 1323; x_wconf 89' lang='lat' dir='ltr'><strong>unius</strong></span> <span class='ocrx_word' id='word_1_93' title='bbox 520 1263 611 1322; x_wconf 80' lang='lat' dir='ltr'><strong>exitu</strong></span> <span class='ocrx_word' id='word_1_94' title='bbox 638 1262 761 1345; x_wconf 80' lang='lat' dir='ltr'><strong>expiari</strong></span> <span class='ocrx_word' id='word_1_95' title='bbox 782 1272 828 1336; x_wconf 84' lang='lat' dir='ltr'><strong>n).</strong></span> <span class='ocrx_word' id='word_1_96' title='bbox 882 1266 925 1323; x_wconf 89' lang='lat' dir='ltr'><strong>Ut</strong></span> <span class='ocrx_word' id='word_1_97' title='bbox 948 1285 1029 1345; x_wconf 85' lang='lat' dir='ltr'><strong>qnos</strong></span> <span class='ocrx_word' id='word_1_98' title='bbox 1069 1283 1135 1326; x_wconf 88' lang='lat' dir='ltr'><strong>non</strong></span> <span class='ocrx_word' id='word_1_99' title='bbox 1162 1267 1258 1350; x_wconf 86' lang='lat' dir='ltr'><strong>punit</strong></span> 
     </span>
     <span class='ocr_line' id='line_1_13' title="bbox 146 1345 1257 1429; baseline -0.005 -17"><span class='ocrx_word' id='word_1_100' title='bbox 146 1349 339 1424; x_wconf 85' lang='lat' dir='ltr'><strong>necessitas,</strong></span> <span class='ocrx_word' id='word_1_101' title='bbox 373 1346 489 1407; x_wconf 82' lang='lat' dir='ltr'><strong>damna</strong></span> <span class='ocrx_word' id='word_1_102' title='bbox 518 1345 636 1405; x_wconf 84' lang='lat' dir='ltr'><strong>feriant</strong></span> <span class='ocrx_word' id='word_1_103' title='bbox 661 1347 701 1407; x_wconf 89' lang='lat' dir='ltr'><strong>ad</strong></span> <span class='ocrx_word' id='word_1_104' title='bbox 730 1346 924 1406; x_wconf 72' lang='lat' dir='ltr'><strong>vindictam:</strong></span> <span class='ocrx_word' id='word_1_105' title='bbox 954 1369 1020 1429; x_wconf 87' lang='lat' dir='ltr'><strong>quo</strong></span> <span class='ocrx_word' id='word_1_106' title='bbox 1052 1348 1181 1410; x_wconf 81' lang='lat' dir='ltr'><strong>facilius</strong></span> <span class='ocrx_word' id='word_1_107' title='bbox 1207 1347 1257 1408; x_wconf 75' lang='lat' dir='ltr'><strong>iu·-</strong></span> 
     </span>
    </p>
   </div>
   <div class='ocr_carea' id='block_1_11' title="bbox 30 1427 1135 1523">
    <p class='ocr_par' dir='ltr' id='par_1_11' title="bbox 30 1427 1135 1523">
     <span class='ocr_line' id='line_1_14' title="bbox 30 1427 1135 1523; baseline -0.003 -30"><span class='ocrx_word' id='word_1_108' title='bbox 30 1479 58 1523; x_wconf 64' lang='lat'><strong>1:</strong></span> <span class='ocrx_word' id='word_1_109' title='bbox 144 1441 310 1518; x_wconf 85' lang='lat' dir='ltr'><strong>posterum</strong></span> <span class='ocrx_word' id='word_1_110' title='bbox 338 1449 379 1488; x_wconf 92' lang='lat' dir='ltr'><strong>ne</strong></span> <span class='ocrx_word' id='word_1_111' title='bbox 409 1428 481 1509; x_wconf 92' lang='lat' dir='ltr'><strong>quis</strong></span> <span class='ocrx_word' id='word_1_112' title='bbox 508 1427 624 1488; x_wconf 88' lang='lat' dir='ltr'><strong>audeat</strong></span> <span class='ocrx_word' id='word_1_113' title='bbox 652 1427 783 1510; x_wconf 89' lang='lat' dir='ltr'><strong>propria</strong></span> <span class='ocrx_word' id='word_1_114' title='bbox 811 1428 969 1512; x_wconf 82' lang='lat' dir='ltr'><strong>pravitate</strong></span> <span class='ocrx_word' id='word_1_115' title='bbox 994 1431 1135 1496; x_wconf 86' lang='lat' dir='ltr'><strong>mentiri.</strong></span> 
     </span>
    </p>
   </div>
   <div class='ocr_carea' id='block_1_12' title="bbox 226 1509 1259 1592">
    <p class='ocr_par' dir='ltr' id='par_1_12' title="bbox 226 1509 1259 1592">
     <span class='ocr_line' id='line_1_15' title="bbox 226 1509 1259 1592; baseline 0.001 -19"><span class='ocrx_word' id='word_1_116' title='bbox 226 1515 285 1578; x_wconf 90' lang='grc' dir='ltr'><strong>ΙΙΙ.</strong></span> <span class='ocrx_word' id='word_1_117' title='bbox 326 1510 435 1573; x_wconf 82' lang='lat' dir='ltr'><strong>Etiam</strong></span> <span class='ocrx_word' id='word_1_118' title='bbox 459 1509 514 1592; x_wconf 85' lang='lat' dir='ltr'><strong>qui</strong></span> <span class='ocrx_word' id='word_1_119' title='bbox 544 1509 817 1590; x_wconf 82' lang='lat' dir='ltr'><strong>calumniatoriv)</strong></span> <span class='ocrx_word' id='word_1_120' title='bbox 859 1511 1033 1572; x_wconf 90' lang='lat' dir='ltr'><strong>consilinm</strong></span> <span class='ocrx_word' id='word_1_121' title='bbox 1064 1511 1190 1574; x_wconf 77' lang='lat' dir='ltr'><strong>dederit</strong></span> <span class='ocrx_word' id='word_1_122' title='bbox 1219 1512 1259 1574; x_wconf 86' lang='lat' dir='ltr'><strong>ad</strong></span> 
     </span>
    </p>
   </div>
   <div class='ocr_carea' id='block_1_13' title="bbox 118 1591 1259 1742">
    <p class='ocr_par' dir='ltr' id='par_1_13' title="bbox 13 1591 1259 1742">
     <span class='ocr_line' id='line_1_16' title="bbox 118 1591 1259 1678; baseline -0.002 -20.169"><span class='ocrx_word' id='word_1_123' title='bbox 118 1602 122 1606; x_wconf 80' lang='grc'><strong>’</strong></span> <span class='ocrx_word' id='word_1_124' title='bbox 147 1594 366 1660; x_wconf 88' lang='lat' dir='ltr'><strong>dimicandum</strong></span> <span class='ocrx_word' id='word_1_125' title='bbox 393 1600 462 1670; x_wconf 81' lang='lat' dir='ltr'><strong>w),</strong></span> <span class='ocrx_word' id='word_1_126' title='bbox 490 1591 523 1654; x_wconf 86' lang='lat' dir='ltr'><strong>¹si</strong></span> <span class='ocrx_word' id='word_1_127' title='bbox 544 1591 649 1655; x_wconf 84' lang='lat' dir='ltr'><strong>victus</strong></span> <span class='ocrx_word' id='word_1_128' title='bbox 676 1593 796 1672; x_wconf 81' lang='lat' dir='ltr'><strong>fuerit,</strong></span> <span class='ocrx_word' id='word_1_129' title='bbox 824 1591 922 1655; x_wconf 86' lang='lat' dir='ltr'><strong>simili</strong></span> <span class='ocrx_word' id='word_1_130' title='bbox 941 1603 977 1655; x_wconf 85' lang='lat' dir='ltr'><strong>ut</strong></span> <span class='ocrx_word' id='word_1_131' title='bbox 997 1594 1259 1678; x_wconf 69' lang='lat' dir='ltr'><strong>superinsutatu·</strong></span> 
     </span>
     <span class='ocr_line' id='line_1_17' title="bbox 146 1673 1228 1742; baseline 0 -1"><span class='ocrx_word' id='word_1_132' title='bbox 146 1689 215 1742; x_wconf 86' lang='lat' dir='ltr'><strong>lum</strong></span> <span class='ocrx_word' id='word_1_133' title='bbox 239 1688 287 1740; x_wconf 84' lang='lat' dir='ltr'><strong>est</strong></span> <span class='ocrx_word' id='word_1_134' title='bbox 310 1677 432 1737; x_wconf 81' lang='lat' dir='ltr'><strong>mulcta</strong></span> <span class='ocrx_word' id='word_1_135' title='bbox 453 1673 601 1740; x_wconf 85' lang='lat' dir='ltr'><strong>feriatur.</strong></span> <span class='ocrx_word' id='word_1_136' title='bbox 1227 1711 1228 1714; x_wconf 39' lang='lat'>¹</span> 
     </span>
    </p>
   </div>
   <div class='ocr_carea' id='block_1_14' title="bbox 245 1801 1244 1914">
    <p class='ocr_par' dir='ltr' id='par_1_14' title="bbox 245 1801 1244 1914">
     <span class='ocr_line' id='line_1_18' title="bbox 245 1801 1244 1914; baseline -0.001 -21"><span class='ocrx_word' id='word_1_137' title='bbox 245 1822 333 1893; x_wconf 67' lang='grc' dir='ltr'><strong>ΤΠ·</strong></span> <span class='ocrx_word' id='word_1_138' title='bbox 359 1817 542 1892; x_wconf 88' lang='lat' dir='ltr'><strong>LXXXI.</strong></span> <span class='ocrx_word' id='word_1_139' title='bbox 594 1819 652 1890; x_wconf 90' lang='lat' dir='ltr'><strong>De</strong></span> <span class='ocrx_word' id='word_1_140' title='bbox 684 1801 1041 1913; x_wconf 76' lang='lat' dir='ltr'><strong>interpellationibus</strong></span> <span class='ocrx_word' id='word_1_141' title='bbox 1062 1821 1159 1914; x_wconf 81' lang='lat' dir='ltr'><strong>apud</strong></span> <span class='ocrx_word' id='word_1_142' title='bbox 1238 1811 1244 1826; x_wconf 63' lang='lat'>⁸</span> 
     </span>
    </p>
   </div>
   <div class='ocr_carea' id='block_1_15' title="bbox 545 1918 852 1989">
    <p class='ocr_par' dir='ltr' id='par_1_15' title="bbox 545 1918 852 1989">
     <span class='ocr_line' id='line_1_19' title="bbox 545 1918 852 1989; baseline 0.007 -3"><span class='ocrx_word' id='word_1_143' title='bbox 545 1918 684 1989; x_wconf 85' lang='lat' dir='ltr'><strong>iudices</strong></span> <span class='ocrx_word' id='word_1_144' title='bbox 707 1919 852 1988; x_wconf 84' lang='lat' dir='ltr'><strong>futuris.</strong></span> 
     </span>
    </p>
   </div>
   <div class='ocr_carea' id='block_1_16' title="bbox 10 2045 1259 2546">
    <p class='ocr_par' dir='ltr' id='par_1_16' title="bbox 8 2045 1259 2546">
     <span class='ocr_line' id='line_1_20' title="bbox 212 2045 1259 2126; baseline -0.002 -14"><span class='ocrx_word' id='word_1_145' title='bbox 212 2047 259 2111; x_wconf 85' lang='lat' dir='ltr'><strong>&#39;I.</strong></span> <span class='ocrx_word' id='word_1_146' title='bbox 297 2047 404 2112; x_wconf 88' lang='lat' dir='ltr'><strong>Prima</strong></span> <span class='ocrx_word' id='word_1_147' title='bbox 437 2045 667 2109; x_wconf 90' lang='lat' dir='ltr'><strong>constitutione</strong></span> <span class='ocrx_word' id='word_1_148' title='bbox 698 2070 717 2108; x_wconf 90' lang='lat' dir='ltr'><strong>a</strong></span> <span class='ocrx_word' id='word_1_149' title='bbox 751 2045 843 2110; x_wconf 82' lang='lat' dir='ltr'><strong>nobis</strong></span> <span class='ocrx_word' id='word_1_150' title='bbox 870 2047 1034 2112; x_wconf 88' lang='lat' dir='ltr'><strong>decretum</strong></span> <span class='ocrx_word' id='word_1_151' title='bbox 1061 2047 1184 2126; x_wconf 84' lang='lat' dir='ltr'><strong>fuerat,</strong></span> <span class='ocrx_word' id='word_1_152' title='bbox 1222 2057 1259 2110; x_wconf 89' lang='lat' dir='ltr'><strong>ut</strong></span> 
     </span>
     <span class='ocr_line' id='line_1_21' title="bbox 10 2129 1257 2214; baseline 0.001 -23"><span class='ocrx_word' id='word_1_153' title='bbox 10 2197 41 2209; x_wconf 37' lang='grc' dir='ltr'><strong>Ι,</strong></span> <span class='ocrx_word' id='word_1_154' title='bbox 148 2130 270 2196; x_wconf 89' lang='lat' dir='ltr'><strong>iudices</strong></span> <span class='ocrx_word' id='word_1_155' title='bbox 289 2139 339 2194; x_wconf 87' lang='lat' dir='ltr'><strong>ter</strong></span> <span class='ocrx_word' id='word_1_156' title='bbox 369 2131 522 2192; x_wconf 88' lang='lat' dir='ltr'><strong>admoniti</strong></span> <span class='ocrx_word' id='word_1_157' title='bbox 542 2153 650 2192; x_wconf 88' lang='lat' dir='ltr'><strong>causas</strong></span> <span class='ocrx_word' id='word_1_158' title='bbox 672 2130 760 2192; x_wconf 89' lang='lat' dir='ltr'><strong>inter</strong></span> <span class='ocrx_word' id='word_1_159' title='bbox 777 2140 885 2212; x_wconf 84' lang='lat' dir='ltr'><strong>partes</strong></span> <span class='ocrx_word' id='word_1_160' title='bbox 904 2132 1047 2214; x_wconf 82' lang='lat' dir='ltr'><strong>cognitas</strong></span> <span class='ocrx_word' id='word_1_161' title='bbox 1066 2129 1257 2208; x_wconf 74' lang='lat' dir='ltr'><strong>iudicarent.</strong></span> 
     </span>
     <span class='ocr_line' id='line_1_22' title="bbox 145 2211 1258 2297; baseline -0.004 -20.548"><span class='ocrx_word' id='word_1_162' title='bbox 145 2214 190 2277; x_wconf 88' lang='lat' dir='ltr'><strong>Et</strong></span> <span class='ocrx_word' id='word_1_163' title='bbox 212 2213 289 2297; x_wconf 89' lang='lat' dir='ltr'><strong>quia</strong></span> <span class='ocrx_word' id='word_1_164' title='bbox 314 2213 524 2294; x_wconf 85' lang='lat' dir='ltr'><strong>occupatione</strong></span> <span class='ocrx_word' id='word_1_165' title='bbox 553 2222 585 2287; x_wconf 84' lang='lat' dir='ltr'><strong>et</strong></span> <span class='ocrx_word' id='word_1_166' title='bbox 605 2211 748 2294; x_wconf 87' lang='lat' dir='ltr'><strong>absentia</strong></span> <span class='ocrx_word' id='word_1_167' title='bbox 773 2213 998 2296; x_wconf 86' lang='lat' dir='ltr'><strong>deputatorum</strong></span> <span class='ocrx_word' id='word_1_168' title='bbox 1019 2213 1163 2276; x_wconf 88' lang='lat' dir='ltr'><strong>iudicum</strong></span> <span class='ocrx_word' id='word_1_169' title='bbox 1195 2213 1258 2288; x_wconf 79' lang='lat' dir='ltr'><strong>fre·</strong></span> 
     </span>
     <span class='ocr_line' id='line_1_23' title="bbox 146 2295 1256 2381; baseline -0.003 -24"><span class='ocrx_word' id='word_1_170' title='bbox 146 2307 287 2378; x_wconf 78' lang='lat' dir='ltr'><strong>quanter</strong></span> <span class='ocrx_word' id='word_1_171' title='bbox 316 2297 423 2381; x_wconf 88' lang='lat' dir='ltr'><strong>potuit</strong></span> <span class='ocrx_word' id='word_1_172' title='bbox 447 2296 577 2366; x_wconf 85' lang='lat' dir='ltr'><strong>evenire</strong></span> <span class='ocrx_word' id='word_1_173' title='bbox 597 2295 810 2376; x_wconf 77' lang='lat' dir='ltr'><strong>(expectatio,</strong></span> <span class='ocrx_word' id='word_1_174' title='bbox 833 2295 906 2357; x_wconf 93' lang='lat' dir='ltr'><strong>ideo</strong></span> <span class='ocrx_word' id='word_1_175' title='bbox 932 2318 1091 2358; x_wconf 89' lang='lat' dir='ltr'><strong>consensu</strong></span> <span class='ocrx_word' id='word_1_176' title='bbox 1114 2308 1157 2366; x_wconf 76' lang='lat' dir='ltr'><strong>x)</strong></span> <span class='ocrx_word' id='word_1_177' title='bbox 1186 2317 1256 2355; x_wconf 90' lang='lat' dir='ltr'><strong>om-</strong></span> 
     </span>
     <span class='ocr_line' id='line_1_24' title="bbox 146 2376 1257 2462; baseline -0.004 -22"><span class='ocrx_word' id='word_1_178' title='bbox 146 2380 238 2442; x_wconf 87' lang='lat' dir='ltr'><strong>nium</strong></span> <span class='ocrx_word' id='word_1_179' title='bbox 267 2389 394 2462; x_wconf 82' lang='lat' dir='ltr'><strong>tempus</strong></span> <span class='ocrx_word' id='word_1_180' title='bbox 423 2378 619 2460; x_wconf 84' lang='lat' dir='ltr'><strong>credidimus</strong></span> <span class='ocrx_word' id='word_1_181' title='bbox 647 2376 869 2448; x_wconf 66' lang='lat' dir='ltr'><strong>statuendum</strong></span> <span class='ocrx_word' id='word_1_182' title='bbox 910 2386 946 2438; x_wconf 91' lang='lat' dir='ltr'><strong>ut</strong></span> <span class='ocrx_word' id='word_1_183' title='bbox 976 2379 1059 2438; x_wconf 87' lang='lat' dir='ltr'><strong>intra</strong></span> <span class='ocrx_word' id='word_1_184' title='bbox 1081 2387 1148 2440; x_wconf 81' lang='lat' dir='ltr'><strong>tres</strong></span> <span class='ocrx_word' id='word_1_185' title='bbox 1167 2399 1257 2438; x_wconf 88' lang='lat' dir='ltr'><strong>men-</strong></span> 
     </span>
     <span class='ocr_line' id='line_1_25' title="bbox 144 2453 1256 2546; baseline -0.006 -21"><span class='ocrx_word' id='word_1_186' title='bbox 144 2483 195 2525; x_wconf 84' lang='lat' dir='ltr'><strong>ses</strong></span> <span class='ocrx_word' id='word_1_187' title='bbox 213 2453 418 2546; x_wconf 88' lang='lat' dir='ltr'><strong>interpellato</strong></span> <span class='ocrx_word' id='word_1_188' title='bbox 433 2461 541 2522; x_wconf 80' lang='lat' dir='ltr'><strong>iudice</strong></span> <span class='ocrx_word' id='word_1_189' title='bbox 556 2482 682 2522; x_wconf 86' lang='lat' dir='ltr'><strong>causam</strong></span> <span class='ocrx_word' id='word_1_190' title='bbox 698 2459 876 2542; x_wconf 86' lang='lat' dir='ltr'><strong>quamlibet</strong></span> <span class='ocrx_word' id='word_1_191' title='bbox 890 2461 1026 2522; x_wconf 83' lang='lat' dir='ltr'><strong>ulterius</strong></span> <span class='ocrx_word' id='word_1_192' title='bbox 1043 2460 1170 2522; x_wconf 85' lang='lat' dir='ltr'><strong>differre</strong></span> <span class='ocrx_word' id='word_1_193' title='bbox 1189 2481 1256 2519; x_wconf 93' lang='lat' dir='ltr'><strong>non</strong></span> 
     </span>
    </p>
   </div>
   <div class='ocr_carea' id='block_1_17' title="bbox 144 2542 1256 3016">
    <p class='ocr_par' dir='ltr' id='par_1_17' title="bbox 144 2542 1256 2706">
     <span class='ocr_line' id='line_1_26' title="bbox 145 2542 1256 2626; baseline -0.003 -22"><span class='ocrx_word' id='word_1_194' title='bbox 145 2544 258 2621; x_wconf 85' lang='lat' dir='ltr'><strong>liceat,</strong></span> <span class='ocrx_word' id='word_1_195' title='bbox 292 2545 355 2606; x_wconf 88' lang='lat' dir='ltr'><strong>nisi</strong></span> <span class='ocrx_word' id='word_1_196' title='bbox 378 2553 415 2603; x_wconf 90' lang='lat' dir='ltr'><strong>ut</strong></span> <span class='ocrx_word' id='word_1_197' title='bbox 438 2543 545 2603; x_wconf 89' lang='lat' dir='ltr'><strong>omnia</strong></span> <span class='ocrx_word' id='word_1_198' title='bbox 572 2553 761 2626; x_wconf 79' lang='lat' dir='ltr'><strong>cognoscat,</strong></span> <span class='ocrx_word' id='word_1_199' title='bbox 799 2551 830 2602; x_wconf 87' lang='lat' dir='ltr'><strong>et</strong></span> <span class='ocrx_word' id='word_1_200' title='bbox 858 2543 931 2604; x_wconf 87' lang='lat' dir='ltr'><strong>dato</strong></span> <span class='ocrx_word' id='word_1_201' title='bbox 958 2542 1256 2608; x_wconf 83' lang='lat' dir='ltr'><strong>iudicio&#39;unirersu</strong></span> 
     </span>
     <span class='ocr_line' id='line_1_27' title="bbox 144 2623 1145 2706; baseline -0.003 -19"><span class='ocrx_word' id='word_1_202' title='bbox 144 2626 190 2688; x_wconf 87' lang='lat' dir='ltr'><strong>ita</strong></span> <span class='ocrx_word' id='word_1_203' title='bbox 209 2627 351 2705; x_wconf 90' lang='lat' dir='ltr'><strong>indicet,</strong></span> <span class='ocrx_word' id='word_1_204' title='bbox 373 2635 409 2686; x_wconf 91' lang='lat' dir='ltr'><strong>ut</strong></span> <span class='ocrx_word' id='word_1_205' title='bbox 437 2625 519 2684; x_wconf 88' lang='lat' dir='ltr'><strong>nibil</strong></span> <span class='ocrx_word' id='word_1_206' title='bbox 551 2625 638 2686; x_wconf 90' lang='lat' dir='ltr'><strong>inter</strong></span> <span class='ocrx_word' id='word_1_207' title='bbox 665 2634 769 2706; x_wconf 88' lang='lat' dir='ltr'><strong>partes</strong></span> <span class='ocrx_word' id='word_1_208' title='bbox 791 2623 924 2685; x_wconf 86' lang='lat' dir='ltr'><strong>dubium</strong></span> <span class='ocrx_word' id='word_1_209' title='bbox 950 2635 1145 2687; x_wconf 85' lang='lat' dir='ltr'><strong>reservetur.</strong></span> 
     </span>
    </p>

    <p class='ocr_par' dir='ltr' id='par_1_18' title="bbox 145 2707 1256 3016">
     <span class='ocr_line' id='line_1_28' title="bbox 227 2707 1256 2790; baseline -0.001 -23"><span class='ocrx_word' id='word_1_210' title='bbox 227 2710 267 2770; x_wconf 86' lang='lat'><strong>11.</strong></span> <span class='ocrx_word' id='word_1_211' title='bbox 304 2709 404 2786; x_wconf 84' lang='lat' dir='ltr'><strong>Quod</strong></span> <span class='ocrx_word' id='word_1_212' title='bbox 423 2708 449 2768; x_wconf 89' lang='lat' dir='ltr'><strong>si</strong></span> <span class='ocrx_word' id='word_1_213' title='bbox 475 2707 559 2786; x_wconf 86' lang='lat' dir='ltr'><strong>ultra</strong></span> <span class='ocrx_word' id='word_1_214' title='bbox 585 2716 650 2768; x_wconf 91' lang='lat' dir='ltr'><strong>tres</strong></span> <span class='ocrx_word' id='word_1_215' title='bbox 670 2727 795 2768; x_wconf 87' lang='lat' dir='ltr'><strong>menses</strong></span> <span class='ocrx_word' id='word_1_216' title='bbox 818 2728 945 2768; x_wconf 89' lang='lat' dir='ltr'><strong>causam</strong></span> <span class='ocrx_word' id='word_1_217' title='bbox 969 2707 1130 2790; x_wconf 82' lang='lat' dir='ltr'><strong>cognitam</strong></span> <span class='ocrx_word' id='word_1_218' title='bbox 1152 2707 1256 2768; x_wconf 90' lang='lat' dir='ltr'><strong>inter·</strong></span> 
     </span>
     <span class='ocr_line' id='line_1_29' title="bbox 145 2789 1254 2872; baseline 0.001 -24"><span class='ocrx_word' id='word_1_219' title='bbox 145 2791 258 2872; x_wconf 85' lang='lat' dir='ltr'><strong>pellati</strong></span> <span class='ocrx_word' id='word_1_220' title='bbox 294 2791 417 2852; x_wconf 88' lang='lat' dir='ltr'><strong>iudices</strong></span> <span class='ocrx_word' id='word_1_221' title='bbox 459 2789 644 2852; x_wconf 88' lang='lat' dir='ltr'><strong>distulerint</strong></span> <span class='ocrx_word' id='word_1_222' title='bbox 678 2789 839 2869; x_wconf 87' lang='lat' dir='ltr'><strong>indicare,</strong></span> <span class='ocrx_word' id='word_1_223' title='bbox 880 2789 1051 2852; x_wconf 85' lang='lat' dir='ltr'><strong>duodecim</strong></span> <span class='ocrx_word' id='word_1_224' title='bbox 1077 2789 1254 2850; x_wconf 88' lang='lat' dir='ltr'><strong>solidorum</strong></span> 
     </span>
     <span class='ocr_line' id='line_1_30' title="bbox 148 2869 1254 3015; baseline 0.003 -83"><span class='ocrx_word' id='word_1_225' title='bbox 148 2871 301 3015; x_wconf 57' lang='lat' dir='ltr'><strong>rupllctam(l</strong></span> <span class='ocrx_word' id='word_1_226' title='bbox 324 2894 377 2934; x_wconf 86' lang='lat' dir='ltr'><strong>eos</strong></span> <span class='ocrx_word' id='word_1_227' title='bbox 398 2871 544 2934; x_wconf 89' lang='lat' dir='ltr'><strong>iubemus</strong></span> <span class='ocrx_word' id='word_1_228' title='bbox 563 2872 752 2952; x_wconf 81' lang='lat' dir='ltr'><strong>exsolvere,</strong></span> <span class='ocrx_word' id='word_1_229' title='bbox 783 2893 876 2934; x_wconf 86' lang='lat' dir='ltr'><strong>eausa</strong></span> <span class='ocrx_word' id='word_1_230' title='bbox 897 2871 1108 2934; x_wconf 86' lang='lat' dir='ltr'><strong>nihilominus</strong></span> <span class='ocrx_word' id='word_1_231' title='bbox 1128 2869 1254 2956; x_wconf 83' lang='lat' dir='ltr'><strong>legibus</strong></span> 
     </span>
     <span class='ocr_line' id='line_1_31' title="bbox 148 2975 329 3016; baseline 0.022 -4"><span class='ocrx_word' id='word_1_232' title='bbox 148 2975 183 3014; x_wconf 81' lang='lat' dir='ltr'><strong>ru</strong></span> <span class='ocrx_word' id='word_1_233' title='bbox 209 2976 277 3014; x_wconf 79' lang='lat' dir='ltr'><strong>ican</strong></span> <span class='ocrx_word' id='word_1_234' title='bbox 303 2976 329 3016; x_wconf 89' lang='lat' dir='ltr'><strong>a.</strong></span> 
     </span>
    </p>
   </div>
   <div class='ocr_carea' id='block_1_18' title="bbox 326 3073 1057 3146">
    <p class='ocr_par' dir='ltr' id='par_1_19' title="bbox 326 3073 1057 3146">
     <span class='ocr_line' id='line_1_32' title="bbox 326 3073 1057 3146; baseline -0.001 -4"><span class='ocrx_word' id='word_1_235' title='bbox 326 3073 416 3142; x_wconf 79' lang='lat' dir='ltr'><strong>Ttr.</strong></span> <span class='ocrx_word' id='word_1_236' title='bbox 442 3074 644 3145; x_wconf 88' lang='lat' dir='ltr'><strong>LXXXII.</strong></span> <span class='ocrx_word' id='word_1_237' title='bbox 695 3075 753 3145; x_wconf 88' lang='lat' dir='ltr'><strong>De</strong></span> <span class='ocrx_word' id='word_1_238' title='bbox 777 3073 1057 3146; x_wconf 84' lang='lat' dir='ltr'><strong>fideiussoribus.</strong></span> 
     </span>
    </p>
   </div>
   <div class='ocr_carea' id='block_1_19' title="bbox 122 3200 1253 3697">
    <p class='ocr_par' dir='ltr' id='par_1_20' title="bbox 122 3200 1253 3697">
     <span class='ocr_line' id='line_1_33' title="bbox 169 3200 1252 3284; baseline 0 -22"><span class='ocrx_word' id='word_1_239' title='bbox 169 3230 172 3235; x_wconf 93' lang='lat'>·</span> <span class='ocrx_word' id='word_1_240' title='bbox 228 3201 269 3269; x_wconf 61' lang='lat' dir='ltr'><strong>l„</strong></span> <span class='ocrx_word' id='word_1_241' title='bbox 295 3201 330 3263; x_wconf 92' lang='lat' dir='ltr'><strong>Si</strong></span> <span class='ocrx_word' id='word_1_242' title='bbox 359 3201 431 3284; x_wconf 90' lang='lat' dir='ltr'><strong>quis</strong></span> <span class='ocrx_word' id='word_1_243' title='bbox 468 3201 687 3263; x_wconf 86' lang='lat' dir='ltr'><strong>fideiussorem</strong></span> <span class='ocrx_word' id='word_1_244' title='bbox 728 3203 767 3264; x_wconf 89' lang='lat' dir='ltr'><strong>de</strong></span> <span class='ocrx_word' id='word_1_245' title='bbox 801 3203 966 3265; x_wconf 87' lang='lat' dir='ltr'><strong>audientia</strong></span> <span class='ocrx_word' id='word_1_246' title='bbox 1002 3200 1141 3284; x_wconf 86' lang='lat' dir='ltr'><strong>accepit,</strong></span> <span class='ocrx_word' id='word_1_247' title='bbox 1183 3200 1252 3284; x_wconf 87' lang='lat' dir='ltr'><strong>ipse</strong></span> 
     </span>
     <span class='ocr_line' id='line_1_34' title="bbox 122 3283 1210 3364; baseline 0.003 -20"><span class='ocrx_word' id='word_1_248' title='bbox 122 3301 125 3305; x_wconf 84' lang='grc'><strong><em>’</em></strong></span> <span class='ocrx_word' id='word_1_249' title='bbox 145 3283 312 3350; x_wconf 77' lang='lat' dir='ltr'><strong>fideiussor</strong></span> <span class='ocrx_word' id='word_1_250' title='bbox 338 3287 378 3347; x_wconf 87' lang='lat' dir='ltr'><strong>ad</strong></span> <span class='ocrx_word' id='word_1_251' title='bbox 410 3307 443 3348; x_wconf 89' lang='lat' dir='ltr'><strong>se</strong></span> <span class='ocrx_word' id='word_1_252' title='bbox 463 3285 655 3345; x_wconf 87' lang='lat' dir='ltr'><strong>solvendum</strong></span> <span class='ocrx_word' id='word_1_253' title='bbox 677 3285 801 3346; x_wconf 88' lang='lat' dir='ltr'><strong>insistat</strong></span> <span class='ocrx_word' id='word_1_254' title='bbox 815 3295 871 3364; x_wconf 85' lang='lat' dir='ltr'><strong>y),</strong></span> <span class='ocrx_word' id='word_1_255' title='bbox 901 3298 938 3348; x_wconf 90' lang='lat' dir='ltr'><strong>ut</strong></span> <span class='ocrx_word' id='word_1_256' title='bbox 958 3308 1051 3348; x_wconf 89' lang='lat' dir='ltr'><strong>causa</strong></span> <span class='ocrx_word' id='word_1_257' title='bbox 1075 3285 1210 3348; x_wconf 84' lang='lat' dir='ltr'><strong>dicatur.</strong></span> 
     </span>
     <span class='ocr_line' id='line_1_35' title="bbox 229 3364 1253 3445; baseline -0.003 -17"><span class='ocrx_word' id='word_1_258' title='bbox 229 3367 274 3428; x_wconf 89' lang='lat' dir='ltr'><strong>ll.</strong></span> <span class='ocrx_word' id='word_1_259' title='bbox 316 3367 383 3429; x_wconf 88' lang='lat' dir='ltr'><strong>Aut</strong></span> <span class='ocrx_word' id='word_1_260' title='bbox 403 3369 430 3431; x_wconf 87' lang='lat' dir='ltr'><strong>si</strong></span> <span class='ocrx_word' id='word_1_261' title='bbox 458 3367 628 3428; x_wconf 86' lang='lat' dir='ltr'><strong>fideiussor</strong></span> <span class='ocrx_word' id='word_1_262' title='bbox 650 3377 795 3429; x_wconf 90' lang='lat' dir='ltr'><strong>mortuns</strong></span> <span class='ocrx_word' id='word_1_263' title='bbox 819 3368 935 3445; x_wconf 86' lang='lat' dir='ltr'><strong>fuerit,</strong></span> <span class='ocrx_word' id='word_1_264' title='bbox 969 3368 1106 3430; x_wconf 87' lang='lat' dir='ltr'><strong>heredes</strong></span> <span class='ocrx_word' id='word_1_265' title='bbox 1134 3364 1253 3426; x_wconf 90' lang='lat' dir='ltr'><strong>mortui</strong></span> 
     </span>
     <span class='ocr_line' id='line_1_36' title="bbox 146 3448 1253 3532; baseline -0.003 -22"><span class='ocrx_word' id='word_1_266' title='bbox 146 3448 286 3510; x_wconf 88' lang='lat' dir='ltr'><strong>iudicem</strong></span> <span class='ocrx_word' id='word_1_267' title='bbox 307 3450 370 3511; x_wconf 90' lang='lat' dir='ltr'><strong>loci</strong></span> <span class='ocrx_word' id='word_1_268' title='bbox 392 3450 620 3532; x_wconf 88' lang='lat' dir='ltr'><strong>interpellant,</strong></span> <span class='ocrx_word' id='word_1_269' title='bbox 654 3458 687 3511; x_wconf 88' lang='lat' dir='ltr'><strong>et</strong></span> <span class='ocrx_word' id='word_1_270' title='bbox 708 3451 775 3512; x_wconf 89' lang='lat' dir='ltr'><strong>eius</strong></span> <span class='ocrx_word' id='word_1_271' title='bbox 796 3449 999 3512; x_wconf 90' lang='lat' dir='ltr'><strong>ordinatione</strong></span> <span class='ocrx_word' id='word_1_272' title='bbox 1023 3472 1093 3532; x_wconf 89' lang='lat' dir='ltr'><strong>pars</strong></span> <span class='ocrx_word' id='word_1_273' title='bbox 1119 3449 1253 3510; x_wconf 87' lang='lat' dir='ltr'><strong>adversa</strong></span> 
     </span>
     <span class='ocr_line' id='line_1_37' title="bbox 147 3528 1251 3617; baseline -0.005 -23"><span class='ocrx_word' id='word_1_274' title='bbox 147 3533 246 3594; x_wconf 87' lang='lat' dir='ltr'><strong>alium</strong></span> <span class='ocrx_word' id='word_1_275' title='bbox 267 3533 486 3596; x_wconf 82' lang='lat' dir='ltr'><strong>fideiussorem</strong></span> <span class='ocrx_word' id='word_1_276' title='bbox 506 3531 574 3614; x_wconf 89' lang='lat' dir='ltr'><strong>ipsa</strong></span> <span class='ocrx_word' id='word_1_277' title='bbox 598 3531 786 3593; x_wconf 88' lang='lat' dir='ltr'><strong>conditione</strong></span> <span class='ocrx_word' id='word_1_278' title='bbox 815 3543 947 3614; x_wconf 79' lang='lat' dir='ltr'><strong>cogatur</strong></span> <span class='ocrx_word' id='word_1_279' title='bbox 968 3533 1134 3617; x_wconf 87' lang='lat' dir='ltr'><strong>accipere,</strong></span> <span class='ocrx_word' id='word_1_280' title='bbox 1164 3540 1195 3593; x_wconf 90' lang='lat' dir='ltr'><strong>et</strong></span> <span class='ocrx_word' id='word_1_281' title='bbox 1212 3528 1251 3590; x_wconf 93' lang='lat' dir='ltr'><strong>ab</strong></span> 
     </span>
     <span class='ocr_line' id='line_1_38' title="bbox 133 3614 1047 3697; baseline 0 -21"><span class='ocrx_word' id='word_1_282' title='bbox 133 3614 319 3678; x_wconf 49' lang='lat' dir='ltr'><strong>¹heredibus</strong></span> <span class='ocrx_word' id='word_1_283' title='bbox 344 3615 540 3679; x_wconf 87' lang='lat' dir='ltr'><strong>fideiussoris</strong></span> <span class='ocrx_word' id='word_1_284' title='bbox 562 3614 681 3676; x_wconf 89' lang='lat' dir='ltr'><strong>mortui</strong></span> <span class='ocrx_word' id='word_1_285' title='bbox 711 3615 795 3675; x_wconf 89' lang='lat' dir='ltr'><strong>nibil</strong></span> <span class='ocrx_word' id='word_1_286' title='bbox 817 3625 999 3697; x_wconf 89' lang='lat' dir='ltr'><strong>quaeratur.</strong></span> <span class='ocrx_word' id='word_1_287' title='bbox 1044 3685 1047 3692; x_wconf 34' lang='lat'>‚</span> 
     </span>
    </p>
   </div>
   <div class='ocr_carea' id='block_1_20' title="bbox 230 3687 1235 3830">
    <p class='ocr_par' dir='ltr' id='par_1_21' title="bbox 230 3687 1235 3830">
     <span class='ocr_line' id='line_1_39' title="bbox 230 3687 1235 3830; baseline -0.004 -26"><span class='ocrx_word' id='word_1_288' title='bbox 230 3735 320 3804; x_wconf 75' lang='lat' dir='ltr'><strong>an.</strong></span> <span class='ocrx_word' id='word_1_289' title='bbox 346 3733 564 3805; x_wconf 80' lang='lat' dir='ltr'><strong>Lxxxm.</strong></span> <span class='ocrx_word' id='word_1_290' title='bbox 615 3733 676 3802; x_wconf 74' lang='lat' dir='ltr'><strong>ne</strong></span> <span class='ocrx_word' id='word_1_291' title='bbox 703 3733 781 3824; x_wconf 77' lang='lat' dir='ltr'><strong>his,</strong></span> <span class='ocrx_word' id='word_1_292' title='bbox 816 3735 990 3830; x_wconf 64' lang='lat' dir='ltr'><strong>quipus</strong></span> <span class='ocrx_word' id='word_1_293' title='bbox 1015 3687 1193 3804; x_wconf 32' lang='lat' dir='ltr'><strong>amares*</strong></span> <span class='ocrx_word' id='word_1_294' title='bbox 1232 3733 1235 3740; x_wconf 48' lang='lat'><strong>⁴</strong></span> 
     </span>
    </p>
   </div>
   <div class='ocr_carea' id='block_1_21' title="bbox 147 3845 1255 4202">
    <p class='ocr_par' dir='ltr' id='par_1_22' title="bbox 147 3845 1255 4202">
     <span class='ocr_line' id='line_1_40' title="bbox 536 3845 859 3924; baseline 0 -22"><span class='ocrx_word' id='word_1_295' title='bbox 536 3856 617 3902; x_wconf 88' lang='lat' dir='ltr'><strong>suas</strong></span> <span class='ocrx_word' id='word_1_296' title='bbox 653 3845 859 3924; x_wconf 85' lang='lat' dir='ltr'><strong>agnoscunt.</strong></span> 
     </span>
     <span class='ocr_line' id='line_1_41' title="bbox 147 3957 1255 4044; baseline -0.004 -20"><span class='ocrx_word' id='word_1_297' title='bbox 147 3977 149 3979; x_wconf 80' lang='grc'><strong>’</strong></span> <span class='ocrx_word' id='word_1_298' title='bbox 228 3965 255 4026; x_wconf 91' lang='grc' dir='ltr'><strong>Ι.</strong></span> <span class='ocrx_word' id='word_1_299' title='bbox 297 3961 492 4043; x_wconf 87' lang='lat' dir='ltr'><strong>Quicunque</strong></span> <span class='ocrx_word' id='word_1_300' title='bbox 510 3981 580 4038; x_wconf 89' lang='lat' dir='ltr'><strong>res,</strong></span> <span class='ocrx_word' id='word_1_301' title='bbox 605 3967 660 4020; x_wconf 90' lang='lat' dir='ltr'><strong>aut</strong></span> <span class='ocrx_word' id='word_1_302' title='bbox 678 3957 895 4044; x_wconf 76' lang='lat' dir='ltr'><strong>mancipium,</strong></span> <span class='ocrx_word' id='word_1_303' title='bbox 915 3967 969 4020; x_wconf 89' lang='lat' dir='ltr'><strong>ant</strong></span> <span class='ocrx_word' id='word_1_304' title='bbox 984 3958 1255 4042; x_wconf 87' lang='lat' dir='ltr'><strong>quodlibetsuum</strong></span> 
     </span>
     <span class='ocr_line' id='line_1_42' title="bbox 214 4129 1255 4202; baseline -0.006 -16"><span class='ocrx_word' id='word_1_305' title='bbox 214 4133 244 4202; x_wconf 87' lang='lat' dir='ltr'><strong>u)</strong></span> <span class='ocrx_word' id='word_1_306' title='bbox 261 4134 304 4185; x_wconf 87' lang='lat' dir='ltr'><strong>Al.</strong></span> <span class='ocrx_word' id='word_1_307' title='bbox 324 4152 384 4186; x_wconf 87' lang='lat' dir='ltr'><strong>mss.</strong></span> <span class='ocrx_word' id='word_1_308' title='bbox 403 4131 483 4184; x_wconf 73' lang='lat' dir='ltr'><strong>mala‘</strong></span> <span class='ocrx_word' id='word_1_309' title='bbox 495 4131 672 4200; x_wconf 68' lang='lat' dir='ltr'><strong>referentium</strong></span> <span class='ocrx_word' id='word_1_310' title='bbox 685 4132 790 4185; x_wconf 85' lang='lat' dir='ltr'><strong>crimen</strong></span> <span class='ocrx_word' id='word_1_311' title='bbox 804 4131 936 4184; x_wconf 80' lang='lat' dir='ltr'><strong>credatur</strong></span> <span class='ocrx_word' id='word_1_312' title='bbox 952 4147 1023 4182; x_wconf 82' lang='lat' dir='ltr'><strong>unus</strong></span> <span class='ocrx_word' id='word_1_313' title='bbox 1039 4129 1129 4183; x_wconf 79' lang='lat' dir='ltr'><strong>exitus</strong></span> <span class='ocrx_word' id='word_1_314' title='bbox 1145 4129 1255 4201; x_wconf 81' lang='lat' dir='ltr'><strong>expias·</strong></span> 
     </span>
    </p>
   </div>
   <div class='ocr_carea' id='block_1_22' title="bbox 145 4198 1266 4345">
    <p class='ocr_par' dir='ltr' id='par_1_23' title="bbox 145 4198 1266 4345">
     <span class='ocr_line' id='line_1_43' title="bbox 145 4198 1266 4270; baseline -0.002 -16"><span class='ocrx_word' id='word_1_315' title='bbox 145 4219 182 4254; x_wconf 82' lang='lat' dir='ltr'><strong>se.</strong></span> <span class='ocrx_word' id='word_1_316' title='bbox 235 4205 270 4270; x_wconf 87' lang='lat' dir='ltr'><strong>v)</strong></span> <span class='ocrx_word' id='word_1_317' title='bbox 291 4205 333 4256; x_wconf 76' lang='lat' dir='ltr'><strong>Al.</strong></span> <span class='ocrx_word' id='word_1_318' title='bbox 352 4220 411 4254; x_wconf 85' lang='lat' dir='ltr'><strong>mss.</strong></span> <span class='ocrx_word' id='word_1_319' title='bbox 437 4203 673 4255; x_wconf 82' lang='lat' dir='ltr'><strong>calumniatorem.</strong></span> <span class='ocrx_word' id='word_1_320' title='bbox 745 4203 786 4268; x_wconf 84' lang='lat' dir='ltr'><strong>w)</strong></span> <span class='ocrx_word' id='word_1_321' title='bbox 805 4201 848 4252; x_wconf 86' lang='lat' dir='ltr'><strong>Al.</strong></span> <span class='ocrx_word' id='word_1_322' title='bbox 868 4198 1156 4255; x_wconf 71' lang='lat' dir='ltr'><strong>maurindicandum.</strong></span> <span class='ocrx_word' id='word_1_323' title='bbox 1222 4198 1266 4268; x_wconf 72' lang='lat' dir='ltr'><strong>a)</strong></span> 
     </span>
     <span class='ocr_line' id='line_1_44' title="bbox 145 4271 895 4345; baseline -0.003 -19"><span class='ocrx_word' id='word_1_324' title='bbox 145 4272 187 4326; x_wconf 73' lang='lat' dir='ltr'><strong>Al.</strong></span> <span class='ocrx_word' id='word_1_325' title='bbox 207 4275 380 4345; x_wconf 72' lang='lat' dir='ltr'><strong>expetitionis</strong></span> <span class='ocrx_word' id='word_1_326' title='bbox 399 4289 542 4328; x_wconf 75' lang='lat' dir='ltr'><strong>consensu.</strong></span> <span class='ocrx_word' id='word_1_327' title='bbox 578 4293 580 4300; x_wconf 85' lang='grc'><em>·</em></span> <span class='ocrx_word' id='word_1_328' title='bbox 607 4271 642 4343; x_wconf 77' lang='lat' dir='ltr'><strong>y)</strong></span> <span class='ocrx_word' id='word_1_329' title='bbox 657 4271 701 4332; x_wconf 77' lang='lat' dir='ltr'><strong>ll.</strong></span> <span class='ocrx_word' id='word_1_330' title='bbox 719 4289 779 4326; x_wconf 80' lang='lat' dir='ltr'><strong>mu.</strong></span> <span class='ocrx_word' id='word_1_331' title='bbox 797 4273 895 4326; x_wconf 78' lang='lat' dir='ltr'><strong>instat.</strong></span> 
     </span>
    </p>
   </div>
   <div class='ocr_carea' id='block_1_23' title="bbox 0 0 1454 5020">
    <p class='ocr_par' dir='ltr' id='par_1_24' title="bbox 0 0 1454 5020">
     <span class='ocr_line' id='line_1_45' title="bbox 0 0 1454 5020; baseline 0 0"><span class='ocrx_word' id='word_1_332' title='bbox 0 0 1454 5020; x_wconf 95' lang='lat' dir='ltr'><strong> </strong></span> 
     </span>
    </p>
   </div>
  </div>
 </body>
</html>
