2826 4998
223 245 274 320 w
591 267 1031 351 rmmmmm

263 405 313 476 'IL
354 405 481 492 Siquis
501 405 641 473 alterum
664 410 698 474 in
718 413 819 480 Mello

224 513 286 576 per
298 492 403 572 legem
417 491 531 554 vicerit
539 537 549 569 ,
571 502 603 554 et
620 489 645 556 is
661 495 758 557 fidem
770 501 818 559 fa·

225 595 299 637 cere
312 573 500 657 dispexerit,
524 583 579 634 aut
591 577 737 660 precium
755 583 817 642 soi·

223 678 319 735 vere‚
340 666 418 717 tunc
433 655 660 740 Rathinburgii
676 679 750 720 eum
762 664 816 724 de·

222 737 303 800 beut
317 738 484 810 attendere
497 783 505 814 ‚
519 743 699 802 secundum
711 742 816 825 legem

220 821 328 904 qualis
346 839 441 882 cause
454 839 523 881 esse
534 823 666 885 'ridetur
680 869 690 901 ,
713 826 815 888 stille

219 904 280 986 qui
292 924 365 964 eum
380 903 524 963 mallavit
540 905 580 966 ad
593 926 697 966 oasam
714 927 814 984 suam,

220 985 253 1047 οἱ
288 985 442 1048 nunciare
465 985 561 1047 debet
585 987 731 1069 precium
760 999 817 1050 aut

220 1067 385 1148 debiturn,
407 1075 440 1128 et
453 1067 479 1128 si
493 1076 574 1130 tune
588 1069 617 1130 ei
631 1070 814 1132 satisfacere

217 1148 383 1228 noluerit,
414 1158 495 1210 tuuc
514 1167 574 1232 per·
592 1151 696 1234 legem
719 1152 815 1214 debet

220 1233 409 1310 attendere,
438 1240 472 1294 et
498 1240 608 1314 postea
638 1233 745 1294 Grufio
772 1235 813 1296 ad

216 1333 323 1385 cusum
349 1335 439 1376 suam
464 1312 625 1393 invitari,
653 1323 691 1376 ut
722 1317 812 1398 quod

215 1395 272 1457 lex
281 1403 348 1472 est,
371 1395 396 1456 is
416 1396 456 1457 de
474 1415 567 1458 cause
578 1405 612 1457 et
628 1397 725 1460 rebus
741 1398 808 1460 suis

216 1479 396 1542 secundnm
412 1477 517 1562 legem
534 1478 663 1545 referet.

835 1613 925 1686 Tru.
943 1616 1026 1690 LX.
1086 1623 1144 1698 De
1162 1627 1319 1703 Rachin-

831 1713 967 1808 burg'iis
985 1727 1038 1802 ιη)
1055 1725 1116 1815 qui
1127 1731 1319 1803 seeundum

164 1853 168 1859 ,
213 1818 305 1890 Tm
321 1815 404 1889 ΒΧ,
430 1815 490 1888 De
503 1816 639 1890 pathin
654 1819 801 1914 burgii3,
878 1813 996 1908 legem
1009 1837 1083 1891 non
1097 1823 1268 1901 iudicent.

249 1978 279 2048 I,
321 1978 355 2042 Si
374 1976 431 2061 qui
450 1975 675 2063 Rathinhurgii
696 1982 802 2064 legem
851 1973 897 2069 ‘13
937 1973 1106 2058 Siquidem
1121 1983 1319 2050 Rachinbur·
1391 2017 1392 2020 ¹

208 2062 374 2126 voluerint
406 2061 513 2122 dicere
540 2061 574 2120 in
603 2063 799 2148 Maliebergo
828 2056 921 2140 glilss
937 2060 1034 2120 mallo
1046 2065 1241 2147 residentes,
1252 2093 1319 2130 curu

204 2145 799 2226 residentes,cumcausaminterduos
827 2159 919 2200 causa
942 2140 1080 2204 discussa
1102 2148 1211 2229 {fuerit
1239 2153 1320 2213 iuter
1391 2213 1392 2224 ,

206 2225 434 2304 discusserint,
467 2225 564 2287 debet
583 2227 701 2308 eisqui
720 2241 798 2289 eau-
826 2221 907 2282 duos
939 2235 1134 2306 causatores,
1163 2233 1318 2294 admoniti
1391 2271 1392 2286 ο

206 2329 273 2370 sam
287 2307 427 2389 requirit
452 2307 576 2369 dicere:
605 2309 712 2370 Dicite
737 2331 798 2371 no·
825 2304 864 2363 ab
879 2324 929 2380 eo,
952 2305 1009 2387 qui
1025 2329 1150 2370 eausam
1166 2315 1316 2394 requirit,

201 2388 254 2453 bis
270 2390 391 2470 Legem
404 2389 549 2452 Salicum.
590 2391 623 2450 Si
650 2392 797 2454 illitunc
824 2386 995 2448 urleoam
1020 2389 1157 2453 Salicem
1189 2396 1317 2468 diceut3
1391 2427 1392 2434 ο

202 2473 373 2535 noluerint
389 2471 593 2549 dicere‚tune
606 2471 722 2534 iterum
738 2475 796 2558 qui
824 2477 856 2530 et
879 2469 905 2528 si
925 2431 1036 2551 iegern
1063 2473 1317 2539 dicere'noiue-

200 2572 333 2618 causam
347 2553 502 2635 requirit,
526 2554 621 2614 dicit:
645 2556 709 2617 Vos
727 2567 796 2616 tan·
822 2551 907 2628 rint,
929 2561 1006 2612 tunc
1026 2553 1066 2612 ab
1093 2578 1131 2617 eo
1158 2560 1216 2640 qui
1241 2583 1317 2622 oan-
1391 2571 1392 2604 ἒ

201 2659 304 2721 guno,
326 2645 362 2698 ut
386 2634 466 2696 mihi
486 2645 519 2696 et
539 2635 601 2696 isto
619 2636 723 2718 legem
742 2639 791 2699 di·
822 2653 887 2693 sam
912 2635 1064 2713 requirit,
1101 2639 1165 2698 siut
1197 2640 1317 2702 iterum
1391 2649 1392 2686 ³

199 2722 290 2782 catis.
310 2719 363 2780 Bis
379 2726 434 2778 aut
446 2717 543 2778 tertio
565 2717 626 2778 hoc
642 2720 795 2783 debetfu-
821 2715 976 2775 admoniti
1012 2737 1114 2798 usque
1155 2721 1189 2781 in
1223 2725 1317 2785 tertia
1391 2733 1392 2764 ³

201 2824 286 2868 cere.
310 2801 345 2862 Si
359 2821 436 2863 vero
446 2799 495 2858 illi
511 2799 796 2863 noluerintdicere
821 2797 902 2858 vice.
944 2799 1041 2874 Quod
1070 2800 1098 2860 si
1124 2803 1233 2865 dicere
1252 2826 1317 2865 ino·
1391 2818 1392 2850 ³

197 2891 280 2945 tunc
295 2883 352 2964 qui
368 2903 493 2943 causam
503 2881 621 2964 repetit
637 2883 732 2944 dehet
742 2884 792 2944 di·
820 2879 952 2956 luerint,
973 2889 1051 2940 tuuc
1069 2881 1153 2944 dicat
1173 2885 1244 2964 ille,
1259 2885 1315 2968 qui
1391 2927 1392 2934 κ

197 2964 791 3048 cere:Egorobistunganousquequo
820 2982 948 3022 causam
977 2963 1136 3044 requirit:
1165 2967 1236 3050 Ego
1258 2989 1314 3029 vos

197 3046 282 3110 'mihi
293 3049 411 3128 Legem
422 3045 792 3109 dicatisSalicam.Tune
819 3053 956 3124 tangano
970 3065 1072 3125 usque
1096 3047 1172 3107 dum
1189 3071 1247 3110 vos
1267 3051 1315 3108 in·
1391 3067 1392 3102 1

196 3120 321 3213 septem
346 3129 386 3188 de
421 3127 496 3192 iltis,
523 3126 790 3212 Rathenburgiis,
818 3136 925 3187 terme
943 3134 1095 3188 etcontre
1113 3141 1314 3192 causatorum
1391 3149 1392 3188 ι

198 3212 357 3278 collocato
378 3209 464 3285 sole,
487 3209 548 3271 lx.
565 3209 658 3270 solid.
682 3213 791 3296 culpa·
818 3228 925 3268 meum
947 3207 1052 3288 legem
1077 3210 1240 3274 iudicetis.
1272 3215 1315 3274 Et

191 3290 791 3372 'biiisunusquisqueiudicetur.Quod
818 3290 844 3351 si
865 3298 948 3365 *tunc
980 3289 1108 3378 dicepdi
1142 3315 1175 3355 se
1205 3296 1313 3378 legem

195 3397 259 3437 nec
276 3374 323 3435 sic
339 3374 444 3455 legem
461 3372 567 3434 dicere
604 3375 788 3453 voluerint,
817 3368 1031 3446 distulerint,
1072 3375 1139 3434 sole
1182 3379 1312 3437 caicato
1391 3397 1392 3432 t

196 3457 419 3529 necsolrere,
451 3473 512 3516 nec
537 3455 633 3515 fidem
663 3456 786 3534 facere,
815 3460 936 3533 septem
956 3449 996 3510 de
1011 3451 1075 3513 illis
1087 3458 1314 3540 unusquisque
1391 3481 1392 3516 r

194 3549 276 3601 tunc
291 3538 392 3599 solem
407 3535 472 3596 iilis
492 3536 608 3596 iterum
629 3536 785 3616 collocet,
816 3533 916 3596 CXX.
931 3532 1003 3597 den.
1020 3535 1076 3614 qui
1093 3538 1218 3600 fuciunt
1251 3540 1313 3600 sol.
1391 3603 1392 3616 χ

193 3631 229 3683 'et
248 3621 419 3703 sicpostea
452 3619 523 3681 XV.
542 3617 653 3680 solidis
685 3641 786 3680 unus·
815 3615 878 3679 HI.
903 3613 988 3694 culp,
1008 3616 1074 3678 iud.
1391 3671 1392 3680 ,

192 3702 334 3786 ‘quisque
354 3699 523 3780 culpabilis
545 3699 716 3760 iudicetur.
750 3699 785 3761 si
856 3697 901 3759 lt.
941 3697 984 3756 Et
1017 3697 1044 3757 si
1085 3700 1190 3760 adhuc
1227 3709 1311 3762 tunc
1391 3727 1392 3740 ¹

193 3807 275 3850 vero
288 3782 514 3864 Rathinburgii
530 3803 595 3843 non
608 3782 786 3843 seeundum
812 3779 1042 3860 Rachiuburgii
1082 3781 1311 3864 despexerint,

192 3870 314 3951 Legem
328 3865 554 3927 iudicaverunt
567 3864 714 3942 Salicum,
723 3863 784 3944 his,
814 3884 874 3924 nec
890 3863 995 3945 legem
1008 3861 1117 3924 dicere
1129 3865 1311 3943 voluerint,

190 3961 305 4012 eontra
316 3969 397 4030 quos
409 3945 601 4009 sententiam
614 3945 783 4028 dederunt,
813 3965 919 4025 neque
937 3944 977 4005 de
988 3943 1089 4006 tribus
1100 3946 1211 4009 solidis
1221 3967 1313 4008 com-

190 4032 312 4100 solidos
331 4029 405 4094 XV.
428 4028 564 4091 solvent.
811 4027 1004 4112 positionem
1045 4027 1179 4118 faeere,
1223 4039 1313 4092 tunc

207 4163 502 4188 W

226 4219 263 4291 rra)
282 4202 338 4275 tre
357 4217 564 4290 Ragiuburgr‘r's.

1158 4230 1164 4354 ξ
