2826 4998
239 295 290 372 84
553 319 1010 386 snetsstttctnrtrtxv.

237 463 388 539 lornmu)
402 455 511 535 tollat:
534 467 568 522 et
589 461 636 524 sic
652 470 782 548 postea,
801 465 829 528 si
859 469 948 532 etde
967 466 1186 553 haereditate,
1206 491 1236 544 et
1253 484 1330 549 deto-

238 542 356 626 aliquis
370 544 411 605 de'
421 540 488 605 suis
500 543 687 638 parentibus
701 558 831 609 autmo·
859 556 891 612 tn
911 551 1043 615 illorum
1055 576 1090 621 se
1108 557 1229 624 ratione
1246 567 1332 632 tollat

233 627 350 699 riatur,
372 632 426 686 aut
440 625 619 704 occidetur,
638 628 830 692 nnllaadil·
900 633 941 699 ῙΙ.
981 636 1025 697 Et
1055 638 1083 700 si
1104 650 1211 722 postea
1230 647 1332 728 aliquis

232 709 302 769 lum
310 707 497 790 compositio
506 706 831 794 haereditatisperve-
859 712 899 775 de
920 719 1107 798 parentibus
1126 724 1192 786 suis
1209 738 1260 790 ant
1273 752 1332 793 mo-

233 791 312 852 niat.
326 790 432 854 Simili
440 790 549 864 modo,
562 789 653 854 siitte
661 793 827 872 moriatur,
855 796 959 878 nitur,
981 812 1037 862 aut
1061 803 1234 887 occiditur,
1261 813 1333 876 nihil

235 873 276 934 ad
304 871 378 935 snos
403 880 553 954 parentes
576 893 642 933 non
668 875 828 957 pertineat
857 876 984 942 adeum
1002 883 1124 948 deeius
1140 887 1333 975 haereditate,

233 969 342 1018 caussa
358 976 420 1017 noc
436 952 615 1016 haereditas
630 955 777 1035 eius,sed
796 981 827 1018 a·
856 962 909 1023 vel
939 962 979 1026 de
1012 969 1240 1052 compositione
1268 999 1333 1062 per-

232 1037 328 1098 modo
345 1057 420 1099 cnm
436 1034 606 1100 duodecim
628 1037 825 1104 iuratoribus
854 1041 965 1111 tineat.

232 1140 267 1184 sa
282 1118 401 1188 exinde
425 1118 550 1182 educas.
896 1127 957 1194 111.
999 1129 1034 1192 Si
1060 1142 1167 1196 autem
1184 1136 1239 1200 ille
1258 1143 1335 1204 occi·
1405 1207 1406 1214 χ

854 1205 962 1288 ditur,
984 1222 1038 1274 aut
1051 1216 1197 1298 moritur,
1219 1243 1332 1306 compo·
1405 1259 1406 1262 ¹

828 1321 833 1332 x
854 1291 928 1368 sitio
941 1304 997 1356 aut
1004 1294 1184 1362 haereditas
1199 1303 1265 1366 eius
1275 1327 1330 1367 non
1405 1312 1406 1346 i

854 1373 895 1435 ad
922 1373 1078 1441 haeredes
1106 1381 1195 1461 eius,
1228 1387 1334 1450 sedad
1405 1393 1406 1428 ³

855 1455 966 1517 fiscum
995 1461 1177 1542 pertineat,
1207 1477 1261 1530 aut
1287 1471 1334 1532 cni

855 1537 948 1602 fiscus
962 1540 1037 1604 dare
1056 1543 1209 1614 voluerit.

338 1817 340 1823 Α
853 1721 943 1799 roo.
969 1707 1109 1798 Lxr'v.
1154 1729 1216 1802 no
1242 1695 1333 1805 cho·

228 1829 318 1900 Tl'r.
346 1825 488 1905 LXIV.
514 1824 572 1897 De
595 1825 822 1901 ternovena.
997 1847 1122 1896 roena.
1154 1839 1197 1914 v)
1405 1833 1406 1840 '

263 1988 295 2054 Ἰ.
336 1988 370 2052 Si
396 1988 469 2072 quis
485 1987 579 2049 alteri
595 1987 634 2050 de
651 1989 819 2066 manuali·
890 1989 917 2053 I.
954 1983 993 2050 'si
1015 1983 1089 2068 quis
1106 1987 1203 2052 alteri
1218 1987 1257 2052 de
1273 2013 1333 2052 ma·
1400 1979 1406 2024 ⁶

225 2072 306 2154 qnid
329 2071 475 2156 pervim
498 2070 613 2132 tulerit
640 2079 672 2131 et
700 2069 818 2130 rauba-
848 2087 893 2126 nu
906 2069 1029 2151 aliquid
1046 2071 1182 2151 pervim
1200 2076 1334 2147 thnle·
1400 2089 1406 2150 g

224 2155 319 2232 verit,
334 2163 389 2214 ant
404 2150 641 2235 exspoliaverit,
656 2152 817 2216 necde-
846 2149 890 2209 rit
917 2160 972 2210 aut
993 2152 1154 2234 rapuerit,
1186 2179 1256 2218 rem
1279 2177 1333 2240 pro

115 2277 117 2282 ·
225 2236 333 2298 narios
352 2236 409 2318 qui
427 2234 551 2296 faciunt
568 2231 625 2298 sol.
639 2235 739 2298 XXX.
750 2234 818 2295 cni·
847 2231 975 2312 capitali
1001 2234 1163 2314 restituat,
1188 2248 1221 2301 et
1248 2238 1332 2302 insu.
1405 2251 1406 2318 ἐ

224 2318 340 2401 pabilis
353 2317 518 2379 iudicetur
530 2361 540 2395 ,
561 2323 596 2378 et
609 2337 679 2378 rem
694 2337 753 2400 pro
768 2339 816 2379 ca·
846 2325 904 2394 per
928 2315 1007 2378 ICC.
1033 2315 1107 2380 den.
1131 2321 1192 2399 qui
1217 2321 1334 2382 faciunt
1405 2331 1406 2396 ζ

224 2401 325 2484 pitale
347 2399 506 2464 restituat.
845 2395 902 2459 sol.
918 2395 1024 2460 XXX.
1040 2397 1212 2479 culpabilis
1234 2403 1298 2464 iud.
1405 2450 1406 2484 p

264 2481 311 2546 ΙΙ.
352 2480 387 2542 Si
410 2481 691 2562 veroqnicnnqne
725 2479 816 2542 desu—
884 2478 928 2538 11.
967 2479 1002 2539 Si
1032 2481 1104 2562 quis
1132 2481 1259 2546 homini
1284 2481 1335 2545 ali·
1405 2495 1406 2506 ¹

223 2587 283 2651 per
307 2563 472 2626 hominem
505 2561 630 2656 aliquid
659 2562 693 2622 in
722 2563 817 2623 tertia
844 2559 935 2641 qnid,
957 2563 1045 2642 quod
1061 2563 1091 2623 ei
1114 2563 1148 2622 in
1168 2569 1266 2628 tertia
1277 2589 1334 2626 ma·
1405 2579 1406 2652 J

224 2669 323 2709 mann
339 2643 477 2723 miserit,
499 2653 533 2705 et
546 2665 576 2704 er
591 2662 650 2725 per
664 2643 816 2706 virtutem
845 2663 891 2703 nu
908 2642 1037 2704 missum
1052 2645 1176 2723 fuerat,
1199 2650 1335 2732 pervim
1405 2665 1406 2670 ¹

226 2729 352 2814 aliquid
376 2726 508 2805 tulerit,
536 2733 643 2802 (nnnc.
672 2725 815 2788 Charon·
844 2723 954 2785 tulisse
993 2727 1229 2808 convincatur,
1256 2733 1333 2797 ICC.
1405 2802 1406 2808 ἵ

224 2818 324 2888 veno)
349 2809 393 2871 M.
417 2811 481 2870 CC.
511 2808 584 2870 den.
606 2806 664 2888 qni
691 2808 816 2868 faciunt
845 2806 993 2868 denarios
1009 2808 1067 2888 qni
1091 2810 1220 2872 faciunt
1247 2813 1336 2880 solid.
1405 2829 1406 2836 ’

225 2894 320 2960 solid.
334 2888 444 2957 XXX.
461 2887 630 2974 culpabilis
645 2889 815 2954 iudicetur.
843 2886 953 2955 XXX.
973 2889 1152 2978 culpabilis,
1165 2892 1336 2958 iudicetur.
1405 2969 1406 2974 η

228 3068 448 3147 roonxv.
472 3071 532 3143 no
556 3071 814 3166 compositione
845 3069 935 3142 roo.
959 3070 1080 3146 exv.
1105 3075 1164 3146 no
1191 3037 1337 3174 coopo-

420 3171 619 3249 homicidii.
902 3171 1034 3242 sitione
1051 3171 1269 3254 Homicidii.

265 3335 291 3398 l.
334 3333 369 3394 Si
382 3332 607 3414 cuiuscunque
633 3343 726 3415 pater
757 3355 813 3395 oc·
882 3335 908 3396 Ι.
951 3333 986 3394 Si
1008 3334 1144 3398 alicuius
1165 3347 1263 3420 pater
1283 3360 1337 3401 oc·
1405 3348 1406 3380 ³

223 3418 307 3480 cisus
324 3415 440 3492 fuerit,
461 3415 665 3477 medietatem
693 3415 753 3476 filii
778 3417 811 3477 in
841 3411 925 3476 cisus
960 3416 1081 3496 fuerit,
1127 3421 1337 3484 medietatem
1405 3437 1406 3464 i

222 3498 452 3582 compositione
468 3497 648 3578 colligunt,
670 3506 702 3558 et
716 3497 812 3558 aliam
840 3497 1078 3576 compositionis
1092 3500 1150 3561 filii
1168 3501 1335 3586 colligant,
1405 3503 1406 3546 1

218 3581 423 3644 medietatem
437 3590 586 3662 parentes
613 3579 670 3660 qui
698 3582 810 3661 proxi·
838 3587 870 3639 et
890 3579 985 3639 aliam
998 3582 1202 3644 medietatem
1222 3609 1339 3668 paren·
1405 3593 1406 3666 J

219 3666 336 3726 micres
353 3663 506 3738 fuerunt,
530 3672 593 3732 tam
617 3663 657 3722 de
677 3671 809 3742 paterna
837 3663 964 3743 tes,qui
977 3664 1336 3746 proximioresfuerint,
1405 3681 1406 3714 ³

217 3768 314 3830 qnam
329 3745 368 3806 de
385 3754 527 3806 materna
542 3744 747 3826 generatione
763 3744 810 3806 di·
837 3751 902 3803 tam
920 3743 959 3804 de
983 3754 1136 3827 paterna,
1169 3769 1272 3830 quam
1297 3751 1337 3812 de
1405 3757 1406 3798 i

213 3830 341 3892 sidunt.
382 3827 509 3906 Quodsi
531 3827 571 3887 de
594 3834 727 3907 paterna
752 3826 807 3888 rel
836 3832 979 3886 materna
1009 3828 1218 3909 generatione
1251 3831 1339 3896 diri-

213 3920 357 3974 materna
383 3919 472 3993 parte
498 3908 609 3969 nullus
641 3908 806 3989 proximus
836 3908 922 3972 dant.

209 3988 330 4070 fuerit,
352 3993 458 4075 portio
479 3991 535 4051 illa
553 3991 594 4050 ad
608 3989 719 4050 fiscum
732 4010 802 4071 per·
879 3989 923 4054 ΙΙ.
966 3991 1100 4070 Quodsi
1114 3993 1339 4080 dennaparte

210 4076 338 4152 veniat,
361 4075 411 4136 vel
426 4075 478 4135 cui
495 4072 589 4136 fiscus
607 4071 802 4134 consederit.
835 4070 889 4135 vel
900 4075 1094 4156 paternavel
1104 4085 1252 4141 materna
1265 4082 1339 4141 nnl-
1405 4085 1406 4126 ἒ

216 4193 556 4211 —n-—a—-n

204 4300 206 4304 ¹
281 4241 312 4321 n)
328 4238 360 4292 In
384 4253 465 4320 marg.
485 4239 596 4292 illorum
625 4240 774 4293 secatione.
821 4217 846 4306 r)
864 4235 919 4293 Eut.
940 4236 972 4292 de
989 4238 1159 4304 Charenovo,
1207 4245 1249 4317 w)
1270 4245 1340 4300 Cod.

208 4309 322 4381 Expiln:
341 4323 390 4378 per
408 4322 540 4365 virtutem.
1292 4343 1295 4352 o
