<?xml version="1.0" encoding="UTF-8"?>
<!DOCTYPE html PUBLIC "-//W3C//DTD XHTML 1.0 Transitional//EN"
    "http://www.w3.org/TR/xhtml1/DTD/xhtml1-transitional.dtd">
<html xmlns="http://www.w3.org/1999/xhtml" xml:lang="en" lang="en">
 <head>
  <title>
</title>
<meta http-equiv="Content-Type" content="text/html;charset=utf-8" />
  <meta name='ocr-system' content='tesseract 3.04.00' />
  <meta name='ocr-capabilities' content='ocr_page ocr_carea ocr_par ocr_line ocrx_word'/>
</head>
<body>
  <div class='ocr_page' id='page_1' title='image "./corpusiurisgerm02visigoog/corpusiurisgerm02visigoog_0078.png"; bbox 0 0 2826 4998; ppageno 0'>
   <div class='ocr_carea' id='block_1_1' title="bbox 378 296 1187 376">
    <p class='ocr_par' dir='ltr' id='par_1_1' title="bbox 378 296 1187 376">
     <span class='ocr_line' id='line_1_1' title="bbox 378 296 1187 376; baseline -0.005 0"><span class='ocrx_word' id='word_1_1' title='bbox 378 319 482 376; x_wconf 74' lang='lat' dir='ltr'>nanis</span> <span class='ocrx_word' id='word_1_2' title='bbox 501 317 649 375; x_wconf 75' lang='lat' dir='ltr'>sunem</span> <span class='ocrx_word' id='word_1_3' title='bbox 668 317 740 372; x_wconf 81' lang='lat' dir='ltr'>nn.</span> <span class='ocrx_word' id='word_1_4' title='bbox 757 315 860 374; x_wconf 73' lang='lat' dir='ltr'>nuni.</span> <span class='ocrx_word' id='word_1_5' title='bbox 1139 296 1187 372; x_wconf 79' lang='lat'>57</span> 
     </span>
    </p>
   </div>
   <div class='ocr_carea' id='block_1_2' title="bbox 91 450 1196 4106">
    <p class='ocr_par' dir='ltr' id='par_1_2' title="bbox 94 450 1191 791">
     <span class='ocr_line' id='line_1_2' title="bbox 97 450 1191 543; baseline -0.004 -21"><span class='ocrx_word' id='word_1_6' title='bbox 97 482 164 522; x_wconf 86' lang='lat' dir='ltr'>nom</span> <span class='ocrx_word' id='word_1_7' title='bbox 191 458 354 536; x_wconf 79' lang='lat' dir='ltr'>credatur,</span> <span class='ocrx_word' id='word_1_8' title='bbox 381 460 448 543; x_wconf 78' lang='lat' dir='ltr'>ipsc</span> <span class='ocrx_word' id='word_1_9' title='bbox 476 481 553 522; x_wconf 84' lang='lat' dir='ltr'>vcro</span> <span class='ocrx_word' id='word_1_10' title='bbox 575 458 669 520; x_wconf 88' lang='lat' dir='ltr'>illum</span> <span class='ocrx_word' id='word_1_11' title='bbox 694 459 819 522; x_wconf 81' lang='lat' dir='ltr'>faciunt</span> <span class='ocrx_word' id='word_1_12' title='bbox 853 451 972 518; x_wconf 76' lang='lat' dir='ltr'>solidos</span> <span class='ocrx_word' id='word_1_13' title='bbox 988 450 1048 520; x_wconf 90' lang='lat' dir='ltr'>VI.</span> <span class='ocrx_word' id='word_1_14' title='bbox 1075 455 1191 536; x_wconf 58' lang='lat' dir='ltr'>soluat.</span> 
     </span>
     <span class='ocr_line' id='line_1_3' title="bbox 96 537 1188 626; baseline -0.006 -21"><span class='ocrx_word' id='word_1_15' title='bbox 96 565 212 607; x_wconf 72' lang='lat' dir='ltr'>nervum</span> <span class='ocrx_word' id='word_1_16' title='bbox 228 543 405 618; x_wconf 80' lang='lat' dir='ltr'>habiturus,</span> <span class='ocrx_word' id='word_1_17' title='bbox 426 542 482 624; x_wconf 91' lang='lat' dir='ltr'>qui</span> <span class='ocrx_word' id='word_1_18' title='bbox 506 563 580 602; x_wconf 87' lang='lat' dir='ltr'>enm</span> <span class='ocrx_word' id='word_1_19' title='bbox 601 549 669 602; x_wconf 77' lang='lat' dir='ltr'>tor·</span> <span class='ocrx_word' id='word_1_20' title='bbox 696 542 853 602; x_wconf 79' lang='lat' dir='ltr'>Dominus</span> <span class='ocrx_word' id='word_1_21' title='bbox 884 559 961 598; x_wconf 82' lang='lat' dir='ltr'>vero</span> <span class='ocrx_word' id='word_1_22' title='bbox 983 537 1069 604; x_wconf 78' lang='lat' dir='ltr'>nervi</span> <span class='ocrx_word' id='word_1_23' title='bbox 1098 539 1188 626; x_wconf 79' lang='lat' dir='ltr'>capi-</span> 
     </span>
     <span class='ocr_line' id='line_1_4' title="bbox 94 622 1191 707; baseline -0.001 -20"><span class='ocrx_word' id='word_1_24' title='bbox 94 626 178 704; x_wconf 77' lang='lat' dir='ltr'>ait‚et</span> <span class='ocrx_word' id='word_1_25' title='bbox 191 624 446 702; x_wconf 81' lang='lat' dir='ltr'>dominusservi,</span> <span class='ocrx_word' id='word_1_26' title='bbox 462 622 671 707; x_wconf 80' lang='lat' dir='ltr'>quiiampig-</span> <span class='ocrx_word' id='word_1_27' title='bbox 695 627 759 686; x_wconf 85' lang='lat' dir='ltr'>talc</span> <span class='ocrx_word' id='word_1_28' title='bbox 782 624 815 684; x_wconf 90' lang='lat' dir='ltr'>in</span> <span class='ocrx_word' id='word_1_29' title='bbox 840 622 947 684; x_wconf 89' lang='lat' dir='ltr'>Iocum</span> <span class='ocrx_word' id='word_1_30' title='bbox 968 622 1114 686; x_wconf 80' lang='lat' dir='ltr'>restituat</span> <span class='ocrx_word' id='word_1_31' title='bbox 1135 644 1191 686; x_wconf 78' lang='lat' dir='ltr'>rc·</span> 
     </span>
     <span class='ocr_line' id='line_1_5' title="bbox 96 706 877 791; baseline -0.003 -25"><span class='ocrx_word' id='word_1_32' title='bbox 96 706 301 789; x_wconf 82' lang='lat' dir='ltr'>nncaoccpit‚</span> <span class='ocrx_word' id='word_1_33' title='bbox 323 707 464 790; x_wconf 72' lang='lat' dir='ltr'>pretinm</span> <span class='ocrx_word' id='word_1_34' title='bbox 487 727 546 791; x_wconf 87' lang='lat' dir='ltr'>pro</span> <span class='ocrx_word' id='word_1_35' title='bbox 574 725 669 767; x_wconf 77' lang='lat' dir='ltr'>servo</span> <span class='ocrx_word' id='word_1_36' title='bbox 697 706 850 790; x_wconf 82' lang='lat' dir='ltr'>quirenti.</span> <span class='ocrx_word' id='word_1_37' title='bbox 875 747 877 754; x_wconf 84' lang='lat'>-</span> 
     </span>
    </p>

    <p class='ocr_par' dir='ltr' id='par_1_3' title="bbox 94 785 1192 872">
     <span class='ocr_line' id='line_1_6' title="bbox 94 785 1192 872; baseline -0.002 -22"><span class='ocrx_word' id='word_1_38' title='bbox 94 789 226 872; x_wconf 85' lang='lat' dir='ltr'>recipiat.</span> <span class='ocrx_word' id='word_1_39' title='bbox 736 791 776 853; x_wconf 87' lang='lat' dir='ltr'>V.</span> <span class='ocrx_word' id='word_1_40' title='bbox 817 789 860 850; x_wconf 86' lang='lat' dir='ltr'>Et</span> <span class='ocrx_word' id='word_1_41' title='bbox 884 785 910 848; x_wconf 83' lang='lat' dir='ltr'>si</span> <span class='ocrx_word' id='word_1_42' title='bbox 930 807 1042 850; x_wconf 77' lang='lat' dir='ltr'>servos</span> <span class='ocrx_word' id='word_1_43' title='bbox 1061 787 1192 850; x_wconf 81' lang='lat' dir='ltr'>confes-</span> 
     </span>
    </p>

    <p class='ocr_par' dir='ltr' id='par_1_4' title="bbox 91 868 1193 1450">
     <span class='ocr_line' id='line_1_7' title="bbox 126 868 1191 954; baseline 0.001 -23"><span class='ocrx_word' id='word_1_44' title='bbox 126 872 165 937; x_wconf 89' lang='lat' dir='ltr'>II.</span> <span class='ocrx_word' id='word_1_45' title='bbox 206 871 241 930; x_wconf 92' lang='lat' dir='ltr'>Si</span> <span class='ocrx_word' id='word_1_46' title='bbox 259 891 337 934; x_wconf 82' lang='lat' dir='ltr'>vcro</span> <span class='ocrx_word' id='word_1_47' title='bbox 360 870 445 932; x_wconf 78' lang='lat' dir='ltr'>inira</span> <span class='ocrx_word' id='word_1_48' title='bbox 468 868 576 950; x_wconf 78' lang='lat' dir='ltr'>priora</span> <span class='ocrx_word' id='word_1_49' title='bbox 599 891 671 952; x_wconf 81' lang='lat' dir='ltr'>cup·</span> <span class='ocrx_word' id='word_1_50' title='bbox 697 893 749 934; x_wconf 80' lang='lat' dir='ltr'>sus</span> <span class='ocrx_word' id='word_1_51' title='bbox 764 893 830 932; x_wconf 90' lang='lat' dir='ltr'>non</span> <span class='ocrx_word' id='word_1_52' title='bbox 849 868 958 948; x_wconf 79' lang='lat' dir='ltr'>fuerit,</span> <span class='ocrx_word' id='word_1_53' title='bbox 979 880 1011 930; x_wconf 86' lang='lat' dir='ltr'>ct</span> <span class='ocrx_word' id='word_1_54' title='bbox 1029 869 1103 948; x_wconf 82' lang='lat' dir='ltr'>ille,</span> <span class='ocrx_word' id='word_1_55' title='bbox 1130 868 1191 954; x_wconf 82' lang='lat' dir='ltr'>qni</span> 
     </span>
     <span class='ocr_line' id='line_1_8' title="bbox 92 951 1192 1037; baseline 0.003 -24"><span class='ocrx_word' id='word_1_56' title='bbox 92 953 188 1037; x_wconf 82' lang='lat' dir='ltr'>plicia,</span> <span class='ocrx_word' id='word_1_57' title='bbox 201 953 237 1012; x_wconf 86' lang='lat' dir='ltr'>id</span> <span class='ocrx_word' id='word_1_58' title='bbox 250 961 298 1014; x_wconf 85' lang='lat' dir='ltr'>est</span> <span class='ocrx_word' id='word_1_59' title='bbox 311 955 424 1020; x_wconf 83' lang='lat' dir='ltr'><strong>CXXI.</strong></span> <span class='ocrx_word' id='word_1_60' title='bbox 433 951 586 1034; x_wconf 76' lang='lat' dir='ltr'><strong>colaphis,</strong></span> <span class='ocrx_word' id='word_1_61' title='bbox 601 951 671 1012; x_wconf 83' lang='lat' dir='ltr'>fue·</span> <span class='ocrx_word' id='word_1_62' title='bbox 698 977 771 1016; x_wconf 86' lang='lat' dir='ltr'>eum</span> <span class='ocrx_word' id='word_1_63' title='bbox 784 961 936 1034; x_wconf 78' lang='lat' dir='ltr'>torquet,</span> <span class='ocrx_word' id='word_1_64' title='bbox 961 952 1067 1014; x_wconf 85' lang='lat' dir='ltr'>adhuc</span> <span class='ocrx_word' id='word_1_65' title='bbox 1086 951 1192 1036; x_wconf 77' lang='lat' dir='ltr'>ipsum</span> 
     </span>
     <span class='ocr_line' id='line_1_9' title="bbox 93 1034 1191 1116; baseline -0.001 -18"><span class='ocrx_word' id='word_1_66' title='bbox 93 1037 128 1098; x_wconf 83' lang='lat' dir='ltr'>rit</span> <span class='ocrx_word' id='word_1_67' title='bbox 144 1035 326 1112; x_wconf 85' lang='lat' dir='ltr'>confessus,</span> <span class='ocrx_word' id='word_1_68' title='bbox 350 1045 405 1096; x_wconf 84' lang='lat' dir='ltr'>aut</span> <span class='ocrx_word' id='word_1_69' title='bbox 421 1041 592 1111; x_wconf 80' lang='lat' dir='ltr'>castretur,</span> <span class='ocrx_word' id='word_1_70' title='bbox 614 1042 670 1092; x_wconf 83' lang='lat' dir='ltr'>aut</span> <span class='ocrx_word' id='word_1_71' title='bbox 697 1058 828 1100; x_wconf 81' lang='lat' dir='ltr'>servum</span> <span class='ocrx_word' id='word_1_72' title='bbox 854 1045 1004 1116; x_wconf 82' lang='lat' dir='ltr'>torquere</span> <span class='ocrx_word' id='word_1_73' title='bbox 1028 1034 1191 1114; x_wconf 79' lang='lat' dir='ltr'>voluerit,</span> 
     </span>
     <span class='ocr_line' id='line_1_10' title="bbox 93 1116 1192 1200; baseline 0.001 -22"><span class='ocrx_word' id='word_1_74' title='bbox 93 1119 199 1183; x_wconf 84' lang='lat' dir='ltr'>CCXL.</span> <span class='ocrx_word' id='word_1_75' title='bbox 220 1117 382 1195; x_wconf 79' lang='lat' dir='ltr'>denarios,</span> <span class='ocrx_word' id='word_1_76' title='bbox 398 1118 455 1200; x_wconf 90' lang='lat' dir='ltr'>qui</span> <span class='ocrx_word' id='word_1_77' title='bbox 481 1116 606 1178; x_wconf 84' lang='lat' dir='ltr'>faciunt</span> <span class='ocrx_word' id='word_1_78' title='bbox 619 1136 669 1176; x_wconf 84' lang='lat' dir='ltr'>so·</span> <span class='ocrx_word' id='word_1_79' title='bbox 696 1120 816 1199; x_wconf 80' lang='lat' dir='ltr'>(ctiam</span> <span class='ocrx_word' id='word_1_80' title='bbox 841 1116 966 1178; x_wconf 78' lang='lat' dir='ltr'>nolenti</span> <span class='ocrx_word' id='word_1_81' title='bbox 986 1124 1027 1192; x_wconf 88' lang='grc' dir='ltr'>ο)</span> <span class='ocrx_word' id='word_1_82' title='bbox 1059 1116 1192 1180; x_wconf 88' lang='lat' dir='ltr'>domino</span> 
     </span>
     <span class='ocr_line' id='line_1_11' title="bbox 92 1197 1190 1283; baseline 0.003 -24"><span class='ocrx_word' id='word_1_83' title='bbox 92 1200 163 1261; x_wconf 71' lang='lat' dir='ltr'>iidoc</span> <span class='ocrx_word' id='word_1_84' title='bbox 185 1198 241 1266; x_wconf 91' lang='lat' dir='ltr'>VI.</span> <span class='ocrx_word' id='word_1_85' title='bbox 263 1199 402 1262; x_wconf 77' lang='lat' dir='ltr'>reddat:</span> <span class='ocrx_word' id='word_1_86' title='bbox 435 1198 584 1260; x_wconf 86' lang='lat' dir='ltr'>dominus</span> <span class='ocrx_word' id='word_1_87' title='bbox 612 1219 670 1257; x_wconf 85' lang='lat' dir='ltr'>au·</span> <span class='ocrx_word' id='word_1_88' title='bbox 697 1202 782 1266; x_wconf 75' lang='lat' dir='ltr'>servi</span> <span class='ocrx_word' id='word_1_89' title='bbox 804 1199 920 1283; x_wconf 81' lang='lat' dir='ltr'>pignus</span> <span class='ocrx_word' id='word_1_90' title='bbox 942 1197 1062 1262; x_wconf 85' lang='lat' dir='ltr'>donare</span> <span class='ocrx_word' id='word_1_91' title='bbox 1082 1197 1190 1280; x_wconf 72' lang='lat' dir='ltr'><strong>debet,</strong></span> 
     </span>
     <span class='ocr_line' id='line_1_12' title="bbox 92 1279 1193 1368; baseline -0.002 -26"><span class='ocrx_word' id='word_1_92' title='bbox 92 1291 146 1343; x_wconf 87' lang='lat' dir='ltr'>tem</span> <span class='ocrx_word' id='word_1_93' title='bbox 169 1281 254 1344; x_wconf 84' lang='lat' dir='ltr'>servi</span> <span class='ocrx_word' id='word_1_94' title='bbox 292 1279 462 1366; x_wconf 78' lang='lat' dir='ltr'><strong>capitalem</strong></span> <span class='ocrx_word' id='word_1_95' title='bbox 487 1281 521 1342; x_wconf 91' lang='lat' dir='ltr'>in</span> <span class='ocrx_word' id='word_1_96' title='bbox 562 1281 670 1342; x_wconf 85' lang='lat' dir='ltr'>Iocum</span> <span class='ocrx_word' id='word_1_97' title='bbox 697 1295 730 1348; x_wconf 74' lang='lat' dir='ltr'>ct</span> <span class='ocrx_word' id='word_1_98' title='bbox 744 1286 849 1368; x_wconf 81' lang='lat' dir='ltr'>ipsum</span> <span class='ocrx_word' id='word_1_99' title='bbox 870 1303 998 1346; x_wconf 77' lang='lat' dir='ltr'>servum</span> <span class='ocrx_word' id='word_1_100' title='bbox 1012 1281 1052 1344; x_wconf 83' lang='lat' dir='ltr'>ad</span> <span class='ocrx_word' id='word_1_101' title='bbox 1071 1283 1193 1346; x_wconf 75' lang='lat' dir='ltr'>maiora</span> 
     </span>
     <span class='ocr_line' id='line_1_13' title="bbox 91 1362 1190 1450; baseline 0.003 -25"><span class='ocrx_word' id='word_1_102' title='bbox 91 1364 234 1431; x_wconf 74' lang='lat' dir='ltr'>restituat.</span> <span class='ocrx_word' id='word_1_103' title='bbox 697 1365 856 1450; x_wconf 85' lang='lat' dir='ltr'>supplicia</span> <span class='ocrx_word' id='word_1_104' title='bbox 886 1362 1039 1432; x_wconf 80' lang='lat' dir='ltr'>retinere.</span> <span class='ocrx_word' id='word_1_105' title='bbox 1091 1365 1135 1428; x_wconf 84' lang='lat' dir='ltr'>Et</span> <span class='ocrx_word' id='word_1_106' title='bbox 1162 1364 1190 1428; x_wconf 78' lang='lat' dir='ltr'>ai</span> 
     </span>
    </p>

    <p class='ocr_par' dir='ltr' id='par_1_5' title="bbox 91 1443 1194 2354">
     <span class='ocr_line' id='line_1_14' title="bbox 124 1443 1193 1534; baseline 0 -26"><span class='ocrx_word' id='word_1_107' title='bbox 124 1446 181 1514; x_wconf 88' lang='lat' dir='ltr'><strong>III.</strong></span> <span class='ocrx_word' id='word_1_108' title='bbox 221 1447 418 1530; x_wconf 83' lang='lat' dir='ltr'>Requirenti</span> <span class='ocrx_word' id='word_1_109' title='bbox 441 1468 518 1508; x_wconf 84' lang='lat' dir='ltr'>vero</span> <span class='ocrx_word' id='word_1_110' title='bbox 547 1445 573 1507; x_wconf 81' lang='lat' dir='ltr'>oi</span> <span class='ocrx_word' id='word_1_111' title='bbox 595 1443 669 1506; x_wconf 80' lang='lat' dir='ltr'>tolia</span> <span class='ocrx_word' id='word_1_112' title='bbox 697 1445 1193 1534; x_wconf 78' lang='lat' dir='ltr'>postenservusadmoiorasup-</span> 
     </span>
     <span class='ocr_line' id='line_1_15' title="bbox 92 1529 1191 1614; baseline -0.001 -23"><span class='ocrx_word' id='word_1_113' title='bbox 92 1530 174 1612; x_wconf 84' lang='lat' dir='ltr'>culpa</span> <span class='ocrx_word' id='word_1_114' title='bbox 194 1539 259 1606; x_wconf 82' lang='lat' dir='ltr'>cst,</span> <span class='ocrx_word' id='word_1_115' title='bbox 284 1530 373 1591; x_wconf 84' lang='lat' dir='ltr'>unde</span> <span class='ocrx_word' id='word_1_116' title='bbox 393 1529 488 1590; x_wconf 86' lang='lat' dir='ltr'>homo</span> <span class='ocrx_word' id='word_1_117' title='bbox 508 1529 669 1612; x_wconf 81' lang='lat' dir='ltr'>ingenuus</span> <span class='ocrx_word' id='word_1_118' title='bbox 695 1529 1191 1614; x_wconf 75' lang='lat' dir='ltr'>pliciatraditnsconfessusnou</span> 
     </span>
     <span class='ocr_line' id='line_1_16' title="bbox 91 1608 1190 1696; baseline -0.002 -23"><span class='ocrx_word' id='word_1_119' title='bbox 91 1612 148 1673; x_wconf 83' lang='lat' dir='ltr'>sive</span> <span class='ocrx_word' id='word_1_120' title='bbox 173 1614 317 1674; x_wconf 81' lang='lat' dir='ltr'>Francus</span> <span class='ocrx_word' id='word_1_121' title='bbox 349 1609 474 1678; x_wconf 87' lang='lat' dir='ltr'><strong>VIIIM.</strong></span> <span class='ocrx_word' id='word_1_122' title='bbox 508 1611 583 1676; x_wconf 87' lang='lat' dir='ltr'>den.</span> <span class='ocrx_word' id='word_1_123' title='bbox 611 1608 668 1691; x_wconf 89' lang='lat' dir='ltr'>qui</span> <span class='ocrx_word' id='word_1_124' title='bbox 696 1616 813 1694; x_wconf 80' lang='lat' dir='ltr'>fuerit,</span> <span class='ocrx_word' id='word_1_125' title='bbox 839 1612 987 1696; x_wconf 88' lang='lat' dir='ltr'>quicum</span> <span class='ocrx_word' id='word_1_126' title='bbox 1008 1611 1190 1696; x_wconf 82' lang='lat' dir='ltr'>torquebat,</span> 
     </span>
     <span class='ocr_line' id='line_1_17' title="bbox 92 1693 1194 1781; baseline -0.002 -28"><span class='ocrx_word' id='word_1_127' title='bbox 92 1693 200 1754; x_wconf 81' lang='lat' dir='ltr'>faciunt</span> <span class='ocrx_word' id='word_1_128' title='bbox 215 1697 274 1755; x_wconf 87' lang='lat' dir='ltr'>sol.</span> <span class='ocrx_word' id='word_1_129' title='bbox 294 1695 357 1756; x_wconf 86' lang='lat' dir='ltr'>CC.</span> <span class='ocrx_word' id='word_1_130' title='bbox 374 1696 460 1776; x_wconf 85' lang='lat' dir='ltr'>culp.</span> <span class='ocrx_word' id='word_1_131' title='bbox 478 1693 546 1759; x_wconf 79' lang='lat' dir='ltr'>ind.</span> <span class='ocrx_word' id='word_1_132' title='bbox 559 1713 669 1754; x_wconf 81' lang='lat' dir='ltr'>servus</span> <span class='ocrx_word' id='word_1_133' title='bbox 697 1699 800 1781; x_wconf 81' lang='lat' dir='ltr'>ipsum</span> <span class='ocrx_word' id='word_1_134' title='bbox 820 1695 949 1765; x_wconf 82' lang='lat' dir='ltr'>haheat;</span> <span class='ocrx_word' id='word_1_135' title='bbox 971 1693 1121 1758; x_wconf 81' lang='lat' dir='ltr'>dominus</span> <span class='ocrx_word' id='word_1_136' title='bbox 1137 1715 1194 1757; x_wconf 68' lang='grc' dir='ltr'>νει,</span> 
     </span>
     <span class='ocr_line' id='line_1_18' title="bbox 92 1777 1190 1861; baseline 0.001 -24"><span class='ocrx_word' id='word_1_137' title='bbox 92 1778 189 1838; x_wconf 85' lang='lat' dir='ltr'>solidis</span> <span class='ocrx_word' id='word_1_138' title='bbox 201 1778 274 1844; x_wconf 85' lang='lat' dir='ltr'>XV,</span> <span class='ocrx_word' id='word_1_139' title='bbox 291 1777 326 1837; x_wconf 93' lang='lat' dir='ltr'>id</span> <span class='ocrx_word' id='word_1_140' title='bbox 342 1786 389 1838; x_wconf 85' lang='lat' dir='ltr'>est</span> <span class='ocrx_word' id='word_1_141' title='bbox 402 1778 469 1838; x_wconf 90' lang='lat' dir='ltr'>DC.</span> <span class='ocrx_word' id='word_1_142' title='bbox 491 1777 565 1842; x_wconf 83' lang='lat' dir='ltr'>den,</span> <span class='ocrx_word' id='word_1_143' title='bbox 586 1795 670 1836; x_wconf 74' lang='lat' dir='ltr'>com·</span> <span class='ocrx_word' id='word_1_144' title='bbox 695 1803 732 1843; x_wconf 76' lang='lat' dir='ltr'>ro</span> <span class='ocrx_word' id='word_1_145' title='bbox 752 1779 846 1857; x_wconf 76' lang='lat' dir='ltr'>servi,</span> <span class='ocrx_word' id='word_1_146' title='bbox 858 1779 898 1840; x_wconf 83' lang='lat' dir='ltr'>dc</span> <span class='ocrx_word' id='word_1_147' title='bbox 913 1799 977 1861; x_wconf 91' lang='lat' dir='ltr'>qno</span> <span class='ocrx_word' id='word_1_148' title='bbox 994 1778 1056 1838; x_wconf 86' lang='lat' dir='ltr'>inm</span> <span class='ocrx_word' id='word_1_149' title='bbox 1071 1777 1190 1859; x_wconf 76' lang='lat' dir='ltr'>pignus</span> 
     </span>
     <span class='ocr_line' id='line_1_19' title="bbox 92 1857 1190 1947; baseline 0.003 -29"><span class='ocrx_word' id='word_1_150' title='bbox 92 1869 184 1940; x_wconf 85' lang='lat' dir='ltr'>ponat.</span> <span class='ocrx_word' id='word_1_151' title='bbox 226 1860 262 1920; x_wconf 89' lang='lat' dir='ltr'>Si</span> <span class='ocrx_word' id='word_1_152' title='bbox 281 1859 404 1921; x_wconf 81' lang='lat' dir='ltr'>veroin</span> <span class='ocrx_word' id='word_1_153' title='bbox 421 1857 594 1918; x_wconf 82' lang='lat' dir='ltr'>maioribus</span> <span class='ocrx_word' id='word_1_154' title='bbox 608 1857 669 1918; x_wconf 84' lang='lat' dir='ltr'>cri·</span> <span class='ocrx_word' id='word_1_155' title='bbox 696 1870 872 1945; x_wconf 73' lang='lat' dir='ltr'>acceperat,</span> <span class='ocrx_word' id='word_1_156' title='bbox 889 1858 1029 1944; x_wconf 83' lang='lat' dir='ltr'>pretium</span> <span class='ocrx_word' id='word_1_157' title='bbox 1040 1881 1100 1947; x_wconf 83' lang='lat' dir='ltr'>pro</span> <span class='ocrx_word' id='word_1_158' title='bbox 1118 1859 1190 1943; x_wconf 82' lang='lat' dir='ltr'>ipso</span> 
     </span>
     <span class='ocr_line' id='line_1_20' title="bbox 92 1939 1039 2026; baseline 0.001 -27"><span class='ocrx_word' id='word_1_159' title='bbox 92 1941 217 2002; x_wconf 84' lang='lat' dir='ltr'>minibus</span> <span class='ocrx_word' id='word_1_160' title='bbox 232 1963 344 2002; x_wconf 84' lang='lat' dir='ltr'>servus</span> <span class='ocrx_word' id='word_1_161' title='bbox 359 1940 555 2017; x_wconf 76' lang='lat' dir='ltr'>inveniatur,</span> <span class='ocrx_word' id='word_1_162' title='bbox 580 1939 667 2000; x_wconf 88' lang='lat' dir='ltr'>unde</span> <span class='ocrx_word' id='word_1_163' title='bbox 695 1967 789 2009; x_wconf 73' lang='lat' dir='ltr'>servo</span> <span class='ocrx_word' id='word_1_164' title='bbox 806 1965 863 2006; x_wconf 83' lang='lat' dir='ltr'>sno</span> <span class='ocrx_word' id='word_1_165' title='bbox 879 1941 1039 2026; x_wconf 83' lang='lat' dir='ltr'>suscipiat.</span> 
     </span>
     <span class='ocr_line' id='line_1_21' title="bbox 91 2021 1191 2108; baseline -0.002 -24"><span class='ocrx_word' id='word_1_166' title='bbox 91 2023 243 2104; x_wconf 75' lang='lat' dir='ltr'>Ingenuus</span> <span class='ocrx_word' id='word_1_167' title='bbox 262 2023 417 2084; x_wconf 85' lang='lat' dir='ltr'>MDCCC.</span> <span class='ocrx_word' id='word_1_168' title='bbox 440 2021 513 2083; x_wconf 88' lang='lat' dir='ltr'>den.</span> <span class='ocrx_word' id='word_1_169' title='bbox 540 2021 598 2104; x_wconf 88' lang='lat' dir='ltr'>qni</span> <span class='ocrx_word' id='word_1_170' title='bbox 618 2023 668 2082; x_wconf 81' lang='lat' dir='ltr'>fu·</span> <span class='ocrx_word' id='word_1_171' title='bbox 736 2027 796 2096; x_wconf 69' lang='lat' dir='ltr'>VI,</span> <span class='ocrx_word' id='word_1_172' title='bbox 838 2026 873 2088; x_wconf 91' lang='lat' dir='ltr'>Si</span> <span class='ocrx_word' id='word_1_173' title='bbox 885 2046 963 2088; x_wconf 80' lang='lat' dir='ltr'>vero</span> <span class='ocrx_word' id='word_1_174' title='bbox 975 2046 1072 2108; x_wconf 84' lang='lat' dir='ltr'>supra</span> <span class='ocrx_word' id='word_1_175' title='bbox 1085 2021 1191 2087; x_wconf 85' lang='lat' dir='ltr'>domi-</span> 
     </span>
     <span class='ocr_line' id='line_1_22' title="bbox 93 2103 1189 2187; baseline -0.001 -21"><span class='ocrx_word' id='word_1_176' title='bbox 93 2106 243 2172; x_wconf 77' lang='lat' dir='ltr'>cinntsol,</span> <span class='ocrx_word' id='word_1_177' title='bbox 264 2107 364 2169; x_wconf 90' lang='lat' dir='ltr'><strong>XLV.</strong></span> <span class='ocrx_word' id='word_1_178' title='bbox 386 2105 486 2187; x_wconf 87' lang='lat' dir='ltr'>possit</span> <span class='ocrx_word' id='word_1_179' title='bbox 519 2103 667 2182; x_wconf 83' lang='lat' dir='ltr'>iudicari,</span> <span class='ocrx_word' id='word_1_180' title='bbox 695 2133 777 2173; x_wconf 71' lang='lat' dir='ltr'>num</span> <span class='ocrx_word' id='word_1_181' title='bbox 809 2130 921 2172; x_wconf 71' lang='lat' dir='ltr'>servus</span> <span class='ocrx_word' id='word_1_182' title='bbox 949 2109 1115 2170; x_wconf 80' lang='lat' dir='ltr'>confessus</span> <span class='ocrx_word' id='word_1_183' title='bbox 1138 2107 1189 2172; x_wconf 81' lang='lat' dir='ltr'>Iu·</span> 
     </span>
     <span class='ocr_line' id='line_1_23' title="bbox 92 2186 1176 2272; baseline 0.006 -26"><span class='ocrx_word' id='word_1_184' title='bbox 92 2193 118 2246; x_wconf 80' lang='lat' dir='ltr'>et</span> <span class='ocrx_word' id='word_1_185' title='bbox 137 2187 218 2248; x_wconf 82' lang='lat' dir='ltr'>inter</span> <span class='ocrx_word' id='word_1_186' title='bbox 233 2186 395 2270; x_wconf 80' lang='lat' dir='ltr'>supplicia</span> <span class='ocrx_word' id='word_1_187' title='bbox 413 2187 578 2246; x_wconf 80' lang='lat' dir='ltr'>confessus</span> <span class='ocrx_word' id='word_1_188' title='bbox 600 2187 669 2249; x_wconf 85' lang='lat' dir='ltr'>fue·</span> <span class='ocrx_word' id='word_1_189' title='bbox 695 2196 767 2270; x_wconf 76' lang='lat' dir='ltr'>erit,</span> <span class='ocrx_word' id='word_1_190' title='bbox 785 2211 952 2272; x_wconf 88' lang='lat' dir='ltr'>nunquam</span> <span class='ocrx_word' id='word_1_191' title='bbox 969 2189 1127 2258; x_wconf 78' lang='lat' dir='ltr'>credatur.</span> <span class='ocrx_word' id='word_1_192' title='bbox 1173 2211 1176 2230; x_wconf 71' lang='lat'>³</span> 
     </span>
     <span class='ocr_line' id='line_1_24' title="bbox 93 2268 1193 2354; baseline 0.003 -24"><span class='ocrx_word' id='word_1_193' title='bbox 93 2271 136 2348; x_wconf 84' lang='lat' dir='ltr'>rit,</span> <span class='ocrx_word' id='word_1_194' title='bbox 156 2271 283 2354; x_wconf 86' lang='lat' dir='ltr'>capitali</span> <span class='ocrx_word' id='word_1_195' title='bbox 297 2268 616 2335; x_wconf 76' lang='lat' dir='ltr'>sententiaseriatur.</span> <span class='ocrx_word' id='word_1_196' title='bbox 738 2277 813 2342; x_wconf 87' lang='lat' dir='ltr'><strong>VII.</strong></span> <span class='ocrx_word' id='word_1_197' title='bbox 856 2275 890 2336; x_wconf 90' lang='lat' dir='ltr'>Si</span> <span class='ocrx_word' id='word_1_198' title='bbox 905 2295 981 2336; x_wconf 84' lang='lat' dir='ltr'>vero</span> <span class='ocrx_word' id='word_1_199' title='bbox 999 2271 1111 2335; x_wconf 86' lang='lat' dir='ltr'>maiori</span> <span class='ocrx_word' id='word_1_200' title='bbox 1130 2271 1193 2336; x_wconf 83' lang='lat' dir='ltr'>cri-</span> 
     </span>
    </p>

    <p class='ocr_par' dir='ltr' id='par_1_6' title="bbox 697 2356 1193 2916">
     <span class='ocr_line' id='line_1_25' title="bbox 697 2356 1192 2454; baseline -0.016 -30"><span class='ocrx_word' id='word_1_201' title='bbox 697 2360 784 2424; x_wconf 85' lang='lat' dir='ltr'>mine</span> <span class='ocrx_word' id='word_1_202' title='bbox 803 2380 916 2422; x_wconf 79' lang='lat' dir='ltr'>cervus</span> <span class='ocrx_word' id='word_1_203' title='bbox 942 2356 1124 2454; x_wconf 64' lang='lat' dir='ltr'>inculpatus</span> <span class='ocrx_word' id='word_1_204' title='bbox 1142 2357 1192 2417; x_wconf 88' lang='lat' dir='ltr'>fn-</span> 
     </span>
     <span class='ocr_line' id='line_1_26' title="bbox 699 2442 1192 2522; baseline -0.012 -16"><span class='ocrx_word' id='word_1_205' title='bbox 699 2442 781 2520; x_wconf 84' lang='lat' dir='ltr'>crit,</span> <span class='ocrx_word' id='word_1_206' title='bbox 828 2442 867 2504; x_wconf 87' lang='lat' dir='ltr'>dc</span> <span class='ocrx_word' id='word_1_207' title='bbox 914 2461 979 2522; x_wconf 87' lang='lat' dir='ltr'>qno</span> <span class='ocrx_word' id='word_1_208' title='bbox 1029 2459 1192 2521; x_wconf 76' lang='lat' dir='ltr'>ingenuus</span> 
     </span>
     <span class='ocr_line' id='line_1_27' title="bbox 699 2520 1190 2604; baseline -0.014 -17"><span class='ocrx_word' id='word_1_209' title='bbox 699 2525 836 2586; x_wconf 90' lang='lat' dir='ltr'>IDCCC.</span> <span class='ocrx_word' id='word_1_210' title='bbox 863 2523 938 2584; x_wconf 85' lang='lat' dir='ltr'>den.</span> <span class='ocrx_word' id='word_1_211' title='bbox 960 2522 1017 2604; x_wconf 88' lang='lat' dir='ltr'>qui</span> <span class='ocrx_word' id='word_1_212' title='bbox 1037 2522 1099 2586; x_wconf 87' lang='lat' dir='ltr'>fac.</span> <span class='ocrx_word' id='word_1_213' title='bbox 1130 2520 1190 2588; x_wconf 80' lang='lat' dir='ltr'>sol.</span> 
     </span>
     <span class='ocr_line' id='line_1_28' title="bbox 698 2600 1191 2690; baseline -0.016 -21"><span class='ocrx_word' id='word_1_214' title='bbox 698 2605 796 2669; x_wconf 88' lang='lat' dir='ltr'><strong>XLV.</strong></span> <span class='ocrx_word' id='word_1_215' title='bbox 813 2614 920 2690; x_wconf 79' lang='lat' dir='ltr'>posset</span> <span class='ocrx_word' id='word_1_216' title='bbox 941 2604 1027 2686; x_wconf 84' lang='lat' dir='ltr'>culp.</span> <span class='ocrx_word' id='word_1_217' title='bbox 1041 2600 1191 2679; x_wconf 82' lang='lat' dir='ltr'>iudicari,</span> 
     </span>
     <span class='ocr_line' id='line_1_29' title="bbox 700 2685 1192 2768; baseline -0.008 -18"><span class='ocrx_word' id='word_1_218' title='bbox 700 2698 732 2751; x_wconf 74' lang='lat' dir='ltr'>ct</span> <span class='ocrx_word' id='word_1_219' title='bbox 750 2689 836 2750; x_wconf 78' lang='lat' dir='ltr'>inici·</span> <span class='ocrx_word' id='word_1_220' title='bbox 849 2685 1005 2768; x_wconf 81' lang='lat' dir='ltr'>supplicia</span> <span class='ocrx_word' id='word_1_221' title='bbox 1026 2685 1192 2746; x_wconf 73' lang='lat' dir='ltr'>confessus</span> 
     </span>
     <span class='ocr_line' id='line_1_30' title="bbox 697 2765 1193 2854; baseline -0.008 -22"><span class='ocrx_word' id='word_1_222' title='bbox 697 2771 808 2848; x_wconf 80' lang='lat' dir='ltr'>fucrit,</span> <span class='ocrx_word' id='word_1_223' title='bbox 830 2768 957 2854; x_wconf 75' lang='lat' dir='ltr'>capitali</span> <span class='ocrx_word' id='word_1_224' title='bbox 971 2765 1131 2830; x_wconf 79' lang='lat' dir='ltr'>sententia</span> <span class='ocrx_word' id='word_1_225' title='bbox 1146 2766 1193 2828; x_wconf 79' lang='lat' dir='ltr'>fe·</span> 
     </span>
     <span class='ocr_line' id='line_1_31' title="bbox 698 2854 809 2916; baseline -0.009 0"><span class='ocrx_word' id='word_1_226' title='bbox 698 2854 809 2916; x_wconf 82' lang='lat' dir='ltr'>riatur.</span> 
     </span>
    </p>

    <p class='ocr_par' dir='ltr' id='par_1_7' title="bbox 97 2941 1196 4106">
     <span class='ocr_line' id='line_1_32' title="bbox 129 2941 1192 3032; baseline -0.01 -20"><span class='ocrx_word' id='word_1_227' title='bbox 129 2950 181 3019; x_wconf 80' lang='lat' dir='ltr'>IV,</span> <span class='ocrx_word' id='word_1_228' title='bbox 223 2952 258 3014; x_wconf 88' lang='lat' dir='ltr'>Si</span> <span class='ocrx_word' id='word_1_229' title='bbox 277 2963 384 3014; x_wconf 79' lang='lat' dir='ltr'>autem</span> <span class='ocrx_word' id='word_1_230' title='bbox 402 2974 512 3016; x_wconf 85' lang='lat' dir='ltr'>nervus</span> <span class='ocrx_word' id='word_1_231' title='bbox 529 2950 569 3013; x_wconf 84' lang='lat' dir='ltr'>de</span> <span class='ocrx_word' id='word_1_232' title='bbox 593 2971 672 3032; x_wconf 88' lang='lat' dir='ltr'>quo·</span> <span class='ocrx_word' id='word_1_233' title='bbox 739 2943 834 3012; x_wconf 87' lang='lat' dir='ltr'><strong>VIII.</strong></span> <span class='ocrx_word' id='word_1_234' title='bbox 879 2941 913 3005; x_wconf 91' lang='lat' dir='ltr'>Si</span> <span class='ocrx_word' id='word_1_235' title='bbox 944 2949 1052 3003; x_wconf 81' lang='lat' dir='ltr'>autem</span> <span class='ocrx_word' id='word_1_236' title='bbox 1079 2959 1192 3006; x_wconf 75' lang='lat' dir='ltr'>cervus</span> 
     </span>
     <span class='ocr_line' id='line_1_33' title="bbox 97 3022 1193 3118; baseline -0.006 -26"><span class='ocrx_word' id='word_1_237' title='bbox 97 3033 165 3096; x_wconf 84' lang='lat' dir='ltr'>libet</span> <span class='ocrx_word' id='word_1_238' title='bbox 185 3035 321 3096; x_wconf 84' lang='lat' dir='ltr'>crimine</span> <span class='ocrx_word' id='word_1_239' title='bbox 340 3034 546 3118; x_wconf 83' lang='lat' dir='ltr'>inculpatus,</span> <span class='ocrx_word' id='word_1_240' title='bbox 573 3031 672 3093; x_wconf 92' lang='lat' dir='ltr'>domi·</span> <span class='ocrx_word' id='word_1_241' title='bbox 699 3031 739 3094; x_wconf 85' lang='lat' dir='ltr'>de</span> <span class='ocrx_word' id='word_1_242' title='bbox 761 3026 907 3112; x_wconf 77' lang='lat' dir='ltr'>quolibet</span> <span class='ocrx_word' id='word_1_243' title='bbox 927 3025 1062 3087; x_wconf 84' lang='lat' dir='ltr'>crimine</span> <span class='ocrx_word' id='word_1_244' title='bbox 1082 3022 1193 3086; x_wconf 87' lang='lat' dir='ltr'>incul-</span> 
     </span>
     <span class='ocr_line' id='line_1_34' title="bbox 97 3105 1191 3200; baseline -0.006 -27"><span class='ocrx_word' id='word_1_245' title='bbox 97 3137 146 3176; x_wconf 87' lang='lat' dir='ltr'>nns</span> <span class='ocrx_word' id='word_1_246' title='bbox 166 3119 261 3194; x_wconf 85' lang='lat' dir='ltr'>servi,</span> <span class='ocrx_word' id='word_1_247' title='bbox 283 3118 310 3178; x_wconf 82' lang='lat' dir='ltr'>si</span> <span class='ocrx_word' id='word_1_248' title='bbox 328 3141 478 3200; x_wconf 83' lang='lat' dir='ltr'>praesens</span> <span class='ocrx_word' id='word_1_249' title='bbox 495 3126 553 3194; x_wconf 84' lang='lat' dir='ltr'><strong>est,</strong></span> <span class='ocrx_word' id='word_1_250' title='bbox 575 3116 613 3175; x_wconf 90' lang='lat' dir='ltr'>ab</span> <span class='ocrx_word' id='word_1_251' title='bbox 633 3136 671 3175; x_wconf 91' lang='lat' dir='ltr'>eo</span> <span class='ocrx_word' id='word_1_252' title='bbox 699 3105 1191 3197; x_wconf 76' lang='lat' dir='ltr'>patnsfuerit‚ctdominnsser·</span> 
     </span>
     <span class='ocr_line' id='line_1_35' title="bbox 97 3187 1191 3281; baseline -0.008 -25"><span class='ocrx_word' id='word_1_253' title='bbox 97 3199 143 3278; x_wconf 89' lang='lat' dir='ltr'>qui</span> <span class='ocrx_word' id='word_1_254' title='bbox 162 3202 280 3281; x_wconf 81' lang='lat' dir='ltr'>repetit</span> <span class='ocrx_word' id='word_1_255' title='bbox 299 3203 525 3277; x_wconf 80' lang='lat' dir='ltr'>admoneatur,</span> <span class='ocrx_word' id='word_1_256' title='bbox 545 3208 581 3258; x_wconf 82' lang='lat' dir='ltr'>ut</span> <span class='ocrx_word' id='word_1_257' title='bbox 604 3218 670 3258; x_wconf 87' lang='lat' dir='ltr'><strong>ser·</strong></span> <span class='ocrx_word' id='word_1_258' title='bbox 699 3197 730 3258; x_wconf 85' lang='lat' dir='ltr'>vi</span> <span class='ocrx_word' id='word_1_259' title='bbox 750 3195 849 3277; x_wconf 82' lang='lat' dir='ltr'>ipsius</span> <span class='ocrx_word' id='word_1_260' title='bbox 868 3211 1017 3274; x_wconf 76' lang='lat' dir='ltr'>praesens</span> <span class='ocrx_word' id='word_1_261' title='bbox 1039 3187 1191 3264; x_wconf 60' lang='lat' dir='ltr'>adsueui,</span> 
     </span>
     <span class='ocr_line' id='line_1_36' title="bbox 98 3272 1191 3366; baseline -0.007 -28"><span class='ocrx_word' id='word_1_262' title='bbox 98 3301 162 3339; x_wconf 81' lang='lat' dir='ltr'>vum</span> <span class='ocrx_word' id='word_1_263' title='bbox 187 3283 226 3342; x_wconf 83' lang='lat' dir='ltr'>ad</span> <span class='ocrx_word' id='word_1_264' title='bbox 259 3282 342 3342; x_wconf 85' lang='lat' dir='ltr'>iusto</span> <span class='ocrx_word' id='word_1_265' title='bbox 369 3283 526 3366; x_wconf 83' lang='lat' dir='ltr'>supplicia</span> <span class='ocrx_word' id='word_1_266' title='bbox 551 3279 672 3344; x_wconf 85' lang='lat' dir='ltr'>reddat.</span> <span class='ocrx_word' id='word_1_267' title='bbox 700 3280 739 3338; x_wconf 91' lang='lat' dir='ltr'>ab</span> <span class='ocrx_word' id='word_1_268' title='bbox 753 3275 866 3358; x_wconf 88' lang='lat' dir='ltr'>eo‚qni</span> <span class='ocrx_word' id='word_1_269' title='bbox 880 3274 1007 3356; x_wconf 80' lang='lat' dir='ltr'>repetit,</span> <span class='ocrx_word' id='word_1_270' title='bbox 1021 3272 1191 3335; x_wconf 86' lang='lat' dir='ltr'>admonea-</span> 
     </span>
     <span class='ocr_line' id='line_1_37' title="bbox 97 3352 1194 3446; baseline -0.006 -25"><span class='ocrx_word' id='word_1_271' title='bbox 97 3361 132 3422; x_wconf 84' lang='lat' dir='ltr'>Et</span> <span class='ocrx_word' id='word_1_272' title='bbox 148 3365 203 3445; x_wconf 91' lang='lat' dir='ltr'>qui</span> <span class='ocrx_word' id='word_1_273' title='bbox 223 3366 341 3446; x_wconf 82' lang='lat' dir='ltr'>repetit</span> <span class='ocrx_word' id='word_1_274' title='bbox 359 3367 463 3446; x_wconf 81' lang='lat' dir='ltr'>virgas</span> <span class='ocrx_word' id='word_1_275' title='bbox 487 3364 602 3426; x_wconf 77' lang='lat' dir='ltr'>hubent</span> <span class='ocrx_word' id='word_1_276' title='bbox 621 3383 674 3442; x_wconf 85' lang='lat' dir='ltr'>pu-</span> <span class='ocrx_word' id='word_1_277' title='bbox 700 3372 753 3422; x_wconf 82' lang='lat' dir='ltr'>tur</span> <span class='ocrx_word' id='word_1_278' title='bbox 772 3369 807 3419; x_wconf 84' lang='lat' dir='ltr'>nt</span> <span class='ocrx_word' id='word_1_279' title='bbox 829 3377 957 3420; x_wconf 74' lang='lat' dir='ltr'>servum</span> <span class='ocrx_word' id='word_1_280' title='bbox 971 3377 1065 3418; x_wconf 88' lang='lat' dir='ltr'>snum</span> <span class='ocrx_word' id='word_1_281' title='bbox 1078 3352 1194 3414; x_wconf 81' lang='lat' dir='ltr'>adius·</span> 
     </span>
     <span class='ocr_line' id='line_1_38' title="bbox 98 3435 1195 3527; baseline -0.004 -28"><span class='ocrx_word' id='word_1_282' title='bbox 98 3452 179 3522; x_wconf 83' lang='lat' dir='ltr'>ratas,</span> <span class='ocrx_word' id='word_1_283' title='bbox 193 3469 274 3527; x_wconf 85' lang='lat' dir='ltr'>quac</span> <span class='ocrx_word' id='word_1_284' title='bbox 297 3447 330 3506; x_wconf 93' lang='lat' dir='ltr'>in</span> <span class='ocrx_word' id='word_1_285' title='bbox 353 3449 597 3508; x_wconf 77' lang='lat' dir='ltr'>similitudinem</span> <span class='ocrx_word' id='word_1_286' title='bbox 612 3443 674 3502; x_wconf 89' lang='lat' dir='ltr'>mi·</span> <span class='ocrx_word' id='word_1_287' title='bbox 700 3453 731 3504; x_wconf 82' lang='lat' dir='ltr'>ta</span> <span class='ocrx_word' id='word_1_288' title='bbox 755 3440 913 3523; x_wconf 81' lang='lat' dir='ltr'>supplicia</span> <span class='ocrx_word' id='word_1_289' title='bbox 929 3438 1004 3500; x_wconf 85' lang='lat' dir='ltr'>dare</span> <span class='ocrx_word' id='word_1_290' title='bbox 1024 3459 1089 3499; x_wconf 91' lang='lat' dir='ltr'>non</span> <span class='ocrx_word' id='word_1_291' title='bbox 1105 3435 1195 3498; x_wconf 82' lang='lat' dir='ltr'>diffc-</span> 
     </span>
     <span class='ocr_line' id='line_1_39' title="bbox 99 3519 1193 3611; baseline -0.005 -29"><span class='ocrx_word' id='word_1_292' title='bbox 99 3527 166 3585; x_wconf 79' lang='lat' dir='ltr'>mnii</span> <span class='ocrx_word' id='word_1_293' title='bbox 188 3528 279 3610; x_wconf 77' lang='lat' dir='ltr'>digiti</span> <span class='ocrx_word' id='word_1_294' title='bbox 310 3529 559 3611; x_wconf 82' lang='lat' dir='ltr'>grossitudinem</span> <span class='ocrx_word' id='word_1_295' title='bbox 580 3527 674 3590; x_wconf 83' lang='lat' dir='ltr'>habe·</span> <span class='ocrx_word' id='word_1_296' title='bbox 700 3534 760 3590; x_wconf 82' lang='lat' dir='ltr'>rat.</span> <span class='ocrx_word' id='word_1_297' title='bbox 800 3527 841 3584; x_wconf 90' lang='lat' dir='ltr'>Et</span> <span class='ocrx_word' id='word_1_298' title='bbox 857 3522 914 3604; x_wconf 88' lang='lat' dir='ltr'>qui</span> <span class='ocrx_word' id='word_1_299' title='bbox 937 3520 1064 3602; x_wconf 82' lang='lat' dir='ltr'>repetit,</span> <span class='ocrx_word' id='word_1_300' title='bbox 1086 3519 1193 3600; x_wconf 77' lang='lat' dir='ltr'>virgas</span> 
     </span>
     <span class='ocr_line' id='line_1_40' title="bbox 100 3603 1195 3694; baseline -0.005 -31"><span class='ocrx_word' id='word_1_301' title='bbox 100 3617 160 3680; x_wconf 77' lang='lat' dir='ltr'>anI3</span> <span class='ocrx_word' id='word_1_302' title='bbox 183 3620 215 3671; x_wconf 82' lang='lat' dir='ltr'>et</span> <span class='ocrx_word' id='word_1_303' title='bbox 233 3633 395 3671; x_wconf 83' lang='lat' dir='ltr'>scamnum</span> <span class='ocrx_word' id='word_1_304' title='bbox 417 3621 563 3694; x_wconf 82' lang='lat' dir='ltr'>paratum</span> <span class='ocrx_word' id='word_1_305' title='bbox 579 3610 675 3668; x_wconf 86' lang='lat' dir='ltr'>habe·</span> <span class='ocrx_word' id='word_1_306' title='bbox 699 3616 821 3690; x_wconf 83' lang='lat' dir='ltr'>paratas</span> <span class='ocrx_word' id='word_1_307' title='bbox 843 3603 961 3663; x_wconf 83' lang='lat' dir='ltr'>habere</span> <span class='ocrx_word' id='word_1_308' title='bbox 979 3603 1085 3679; x_wconf 81' lang='lat' dir='ltr'><strong>debet,</strong></span> <span class='ocrx_word' id='word_1_309' title='bbox 1111 3619 1195 3683; x_wconf 81' lang='lat' dir='ltr'>quac</span> 
     </span>
     <span class='ocr_line' id='line_1_41' title="bbox 99 3680 1195 3776; baseline -0.006 -30"><span class='ocrx_word' id='word_1_310' title='bbox 99 3710 127 3748; x_wconf 88' lang='lat' dir='ltr'>ro</span> <span class='ocrx_word' id='word_1_311' title='bbox 146 3691 235 3752; x_wconf 74' lang='lat' dir='ltr'><strong>dehet</strong></span> <span class='ocrx_word' id='word_1_312' title='bbox 252 3703 283 3752; x_wconf 76' lang='lat' dir='ltr'>ct</span> <span class='ocrx_word' id='word_1_313' title='bbox 299 3694 344 3752; x_wconf 91' lang='lat' dir='ltr'>ibi</span> <span class='ocrx_word' id='word_1_314' title='bbox 356 3717 482 3756; x_wconf 84' lang='lat' dir='ltr'>servum</span> <span class='ocrx_word' id='word_1_315' title='bbox 500 3694 605 3776; x_wconf 87' lang='lat' dir='ltr'>ipsum</span> <span class='ocrx_word' id='word_1_316' title='bbox 622 3711 676 3751; x_wconf 85' lang='lat' dir='ltr'>ex·</span> <span class='ocrx_word' id='word_1_317' title='bbox 701 3693 734 3750; x_wconf 92' lang='lat' dir='ltr'>in</span> <span class='ocrx_word' id='word_1_318' title='bbox 777 3683 1022 3764; x_wconf 75' lang='lat' dir='ltr'>similitudinem</span> <span class='ocrx_word' id='word_1_319' title='bbox 1067 3680 1195 3742; x_wconf 86' lang='lat' dir='ltr'>minimi</span> 
     </span>
     <span class='ocr_line' id='line_1_42' title="bbox 100 3763 1196 3853; baseline -0.005 -25"><span class='ocrx_word' id='word_1_320' title='bbox 100 3773 220 3835; x_wconf 82' lang='lat' dir='ltr'>tendere</span> <span class='ocrx_word' id='word_1_321' title='bbox 237 3776 342 3842; x_wconf 80' lang='lat' dir='ltr'><strong>debet.</strong></span> <span class='ocrx_word' id='word_1_322' title='bbox 390 3778 424 3838; x_wconf 91' lang='lat' dir='ltr'>Si</span> <span class='ocrx_word' id='word_1_323' title='bbox 448 3767 596 3838; x_wconf 86' lang='lat' dir='ltr'>dominus</span> <span class='ocrx_word' id='word_1_324' title='bbox 612 3795 674 3834; x_wconf 87' lang='lat' dir='ltr'><strong>ser·</strong></span> <span class='ocrx_word' id='word_1_325' title='bbox 701 3772 791 3853; x_wconf 79' lang='lat' dir='ltr'>digiti</span> <span class='ocrx_word' id='word_1_326' title='bbox 802 3763 1196 3851; x_wconf 75' lang='lat' dir='ltr'>grossitudincmhahennt</span> 
     </span>
     <span class='ocr_line' id='line_1_43' title="bbox 101 3845 1195 3939; baseline -0.008 -26"><span class='ocrx_word' id='word_1_327' title='bbox 101 3854 127 3912; x_wconf 82' lang='lat' dir='ltr'>vi</span> <span class='ocrx_word' id='word_1_328' title='bbox 146 3857 331 3938; x_wconf 79' lang='lat' dir='ltr'>supplicium</span> <span class='ocrx_word' id='word_1_329' title='bbox 359 3860 528 3936; x_wconf 75' lang='lat' dir='ltr'>detulerit,</span> <span class='ocrx_word' id='word_1_330' title='bbox 563 3867 674 3919; x_wconf 79' lang='lat' dir='ltr'><strong>etser—</strong></span> <span class='ocrx_word' id='word_1_331' title='bbox 701 3865 734 3917; x_wconf 88' lang='lat' dir='ltr'>et</span> <span class='ocrx_word' id='word_1_332' title='bbox 751 3871 913 3914; x_wconf 81' lang='lat' dir='ltr'>scamnum</span> <span class='ocrx_word' id='word_1_333' title='bbox 933 3845 1195 3939; x_wconf 34' lang='lat' dir='ltr'>paratumnhabe-</span> 
     </span>
     <span class='ocr_line' id='line_1_44' title="bbox 101 3930 1194 4020; baseline -0.008 -25"><span class='ocrx_word' id='word_1_334' title='bbox 101 3957 149 3995; x_wconf 79' lang='lat' dir='ltr'>vus</span> <span class='ocrx_word' id='word_1_335' title='bbox 168 3961 314 4018; x_wconf 77' lang='lat' dir='ltr'>praesens</span> <span class='ocrx_word' id='word_1_336' title='bbox 338 3943 447 4020; x_wconf 83' lang='lat' dir='ltr'>fuerit,</span> <span class='ocrx_word' id='word_1_337' title='bbox 463 3941 617 4002; x_wconf 88' lang='lat' dir='ltr'>continuo</span> <span class='ocrx_word' id='word_1_338' title='bbox 629 3939 674 4018; x_wconf 89' lang='lat' dir='ltr'>ip·</span> <span class='ocrx_word' id='word_1_339' title='bbox 700 3936 854 4009; x_wconf 80' lang='lat' dir='ltr'>redebet,</span> <span class='ocrx_word' id='word_1_340' title='bbox 872 3930 926 3990; x_wconf 87' lang='lat' dir='ltr'>uhi</span> <span class='ocrx_word' id='word_1_341' title='bbox 946 3947 1074 3991; x_wconf 80' lang='lat' dir='ltr'>servum</span> <span class='ocrx_word' id='word_1_342' title='bbox 1089 3948 1194 4010; x_wconf 79' lang='lat' dir='ltr'>ipsum</span> 
     </span>
     <span class='ocr_line' id='line_1_45' title="bbox 102 4013 963 4106; baseline -0.005 -30"><span class='ocrx_word' id='word_1_343' title='bbox 102 4038 128 4076; x_wconf 76' lang='lat' dir='ltr'>sc</span> <span class='ocrx_word' id='word_1_344' title='bbox 145 4022 199 4102; x_wconf 93' lang='lat' dir='ltr'>qui</span> <span class='ocrx_word' id='word_1_345' title='bbox 217 4025 345 4106; x_wconf 76' lang='lat' dir='ltr'>repetit,</span> <span class='ocrx_word' id='word_1_346' title='bbox 367 4027 497 4088; x_wconf 87' lang='lat' dir='ltr'>domino</span> <span class='ocrx_word' id='word_1_347' title='bbox 516 4023 602 4088; x_wconf 83' lang='lat' dir='ltr'>servi</span> <span class='ocrx_word' id='word_1_348' title='bbox 626 4041 675 4084; x_wconf 86' lang='lat' dir='ltr'>so-</span> <span class='ocrx_word' id='word_1_349' title='bbox 701 4018 833 4082; x_wconf 80' lang='lat' dir='ltr'>Iendere</span> <span class='ocrx_word' id='word_1_350' title='bbox 855 4013 963 4100; x_wconf 83' lang='lat' dir='ltr'>possit.</span> 
     </span>
    </p>
   </div>
   <div class='ocr_carea' id='block_1_3' title="bbox 102 4160 432 4184">
    <p class='ocr_par' dir='ltr' id='par_1_8' title="bbox 102 4160 432 4184">
     <span class='ocr_line' id='line_1_46' title="bbox 102 4160 432 4184; baseline 0 0"><span class='ocrx_word' id='word_1_351' title='bbox 102 4160 432 4184; x_wconf 49' lang='grc' dir='ltr'>Ἢ</span> 
     </span>
    </p>
   </div>
   <div class='ocr_carea' id='block_1_4' title="bbox 164 4245 473 4312">
    <p class='ocr_par' dir='ltr' id='par_1_9' title="bbox 164 4245 473 4312">
     <span class='ocr_line' id='line_1_47' title="bbox 164 4245 473 4312; baseline 0.006 -18"><span class='ocrx_word' id='word_1_352' title='bbox 164 4245 195 4312; x_wconf 92' lang='lat' dir='ltr'>o)</span> <span class='ocrx_word' id='word_1_353' title='bbox 214 4247 268 4298; x_wconf 75' lang='lat' dir='ltr'><strong>Est.</strong></span> <span class='ocrx_word' id='word_1_354' title='bbox 288 4260 336 4298; x_wconf 75' lang='lat' dir='ltr'>aut</span> <span class='ocrx_word' id='word_1_355' title='bbox 357 4248 473 4300; x_wconf 78' lang='lat' dir='ltr'>uolente.</span> 
     </span>
    </p>
   </div>
   <div class='ocr_carea' id='block_1_5' title="bbox 0 0 1420 4998">
    <p class='ocr_par' dir='ltr' id='par_1_10' title="bbox 0 0 1420 4998">
     <span class='ocr_line' id='line_1_48' title="bbox 0 0 1420 4998; baseline 0 0"><span class='ocrx_word' id='word_1_356' title='bbox 0 0 1420 4998; x_wconf 95' lang='lat' dir='ltr'> </span> 
     </span>
    </p>
   </div>
  </div>
 </body>
</html>
