2900 5020
171 235 246 313 sae
399 253 905 312 aae1ssuaeunn10ncnr1r.
929 256 1058 312 xnrtn.

174 403 262 474 'Pru
283 401 448 477 rtLvtt.
499 401 557 472 De
577 403 880 480 condemnatione
893 402 1077 471 latronum
1087 451 1100 490 ,
1128 422 1304 472 uxorum

198 509 200 517 “
404 591 407 599 s
447 523 592 598 quoque
610 523 757 571 suerum
783 513 820 570 et
834 499 1019 578 tiliorum.

176 713 180 720 .
255 662 282 726 I.
322 663 415 725 Licet
439 661 658 746 superioribus
681 662 808 746 legibus
827 662 926 723 fuerit
943 663 1154 725 constitutum
1175 683 1301 747 quem·
1387 723 1390 728 .

174 745 347 808 admodum
384 755 511 829 oportet
540 747 702 806 latronum
724 746 1047 818 crimina'resecari;
1081 757 1187 808 tamen
1212 748 1299 828 quia

172 832 402 892 sceleratorum
415 829 563 891 atrocitas
578 849 638 890 uec
651 827 818 911 suppliciis
830 827 987 890 hactenus
1000 875 1008 906 ,
1031 847 1138 911 neque
1158 830 1299 913 dispen-

174 913 236 974 diis
257 912 297 973 ad
318 914 481 994 integrum
504 912 609 995 potuit
627 913 832 989 submoveri,
863 912 1117 996 praesenti-lege
1142 912 1297 974 decerni-

172 1015 261 1056 mus:
305 1005 341 1056 ut
375 997 565 1078 quicunque
596 995 780 1078 ingenuus,
819 1003 885 1054 tam
913 994 1070 1055 Barbarus
1098 1017 1195 1076 quam
1221 997 1296 1056 Ilo-

173 1097 305 1156 nranus,
339 1081 393 1140 rel
419 1073 592 1142 cuiuslibet
619 1078 758 1140 nationis
780 1096 933 1160 persona,
965 1076 1050 1137 intra
1072 1079 1165 1160 regni
1187 1078 1295 1138 nostri

174 1160 356 1244 provincias
383 1161 574 1239 constituta,
611 1161 752 1222 caballos
785 1168 840 1220 aut
860 1161 959 1222 boves
979 1161 1068 1221 furto
1102 1161 1294 1240 abstulerit,

175 1253 208 1305 et
237 1265 321 1304 uxor
357 1245 426 1306 eius
459 1244 669 1306 commissum·
693 1244 816 1306 crimen
846 1263 912 1303 nou
946 1243 1053 1304 statim
1090 1244 1295 1326 prodiderit,

174 1333 211 1385 ut
228 1327 335 1386 occiso
352 1328 465 1390 marito
480 1347 539 1390 suo
562 1327 630 1409 ipsa
647 1347 777 1408 queque
796 1325 944 1388 libertate
960 1326 1107 1408 privetur
1128 1334 1177 1405 n),
1194 1335 1226 1386 et
1254 1328 1293 1386 in

175 1408 343 1470 servitiam
361 1411 447 1489 eius,
482 1411 536 1470 cui
559 1412 681 1470 factum
708 1410 828 1487 fuerit,
857 1408 925 1469 sine
952 1406 1109 1469 dilatione
1128 1409 1291 1470 tradatur:

176 1490 254 1571 quia
285 1490 425 1552 dubitari
458 1515 524 1554 uon
556 1501 681 1575 potest,
724 1504 757 1554 et
785 1505 892 1576 saepe'
911 1499 1112 1574 compertum
1132 1501 1201 1570 cst,
1237 1513 1293 1554 eas

176 1571 365 1636 maritorum
389 1597 519 1636 sucrum
543 1575 732 1637 criminibus
759 1595 826 1636 esse
846 1575 1030 1658 participes.

262 1656 303 1716 11.
346 1657 439 1721 Circa
460 1659 542 1720 filios
563 1679 695 1741 quoque
714 1659 828 1719 talium
851 1677 1063 1741 personarum
1083 1653 1165 1716 haec
1188 1675 1295 1716 serra-

179 1737 269 1828 b'rtur
290 1759 330 1801 ex
355 1740 426 1825 lege
454 1741 633 1817 districtio,
661 1749 699 1800 ut
721 1741 910 1824 quicunque
938 1761 978 1802 cx
1000 1739 1046 1800 eis
1068 1759 1107 1799 eo
1125 1747 1290 1820 tempore,

178 1812 245 1903 q'uo
265 1821 386 1883 furtum
406 1825 577 1886 admissum
592 1824 712 1901 fuerit,
739 1837 890 1906 quartum
914 1821 1074 1882 decimum
1096 1821 1205 1882 aetatis
1237 1842 1294 1880 an-

179 1925 257 1964 num
276 1908 470 1985 excesserit,
493 1929 531 1968 eo
547 1927 612 1990 quo
627 1901 730 1967 mater
748 1907 847 1988 ipsius
868 1904 998 1967 amissae
1021 1904 1176 1966 libertatis
1193 1924 1292 1987 prae-

179 1985 302 2048 iudicio
325 1991 578 2066 condemnetur,
612 1988 681 2050 eius
709 2009 840 2072 quoque
870 1987 1015 2048 dominio
1046 1996 1203 2070 perpetua
1232 1987 1294 2047 ob-

180 2070 365 2134 noxiatione
378 2083 412 2150 ο)
434 2071 614 2149 deserviat,
639 2072 693 2133 cui
706 2073 830 2133 furtum
841 2072 961 2131 factum
974 2071 1073 2132 fuIsse
1094 2070 1291 2130 constiterit:

181 2153 334 2232 qnoniam
359 2156 392 2214 in
413 2177 451 2216 eo
467 2175 625 2214 annorum
641 2175 775 2216 numero
792 2154 986 2215 constitutus
1006 2152 1210 2216 commissum
1223 2173 1292 2214 sce·

182 2234 232 2296 lus
253 2235 372 2319 absque
397 2237 465 2298 ulla
492 2237 695 2298 dubitatione
714 2237 890 2319 cognoscit.

267 2320 327 2380 Ill.
369 2321 410 2382 Hi
435 2341 512 2382 vero
537 2319 765 2382 sceleratorum
784 2321 861 2398 filii,
895 2318 952 2401 qui
981 2315 1156 2401 perpetrati
1183 2315 1297 2377 crimi-

181 2399 233 2461 nis
256 2409 399 2484 tempore
423 2405 508 2465 intra
532 2402 692 2464 decimum
716 2403 828 2465 aetatis
856 2423 977 2462 annum
1003 2401 1230 2476 inveniuntur,
1257 2399 1297 2458 ab

176 2482 243 2544 *hae
262 2487 453 2546 amittendae
472 2483 628 2548 libertatis
643 2486 914 2547 condemnatione
933 2483 1113 2544 habeantur
1128 2483 1296 2544 immunes.

184 2567 417 2642 Quia'sicutin
441 2579 503 2628 tam
519 2590 618 2651 parra
640 2577 743 2630 aetate
772 2569 958 2630 intellectus
989 2587 1103 2627 eorum
1129 2565 1297 2628 scientiam

184 2651 425 2715 commissorum
444 2674 460 2710 a
477 2661 567 2734 patre
582 2651 752 2712 criminum
775 2673 841 2712 nou
858 2649 1006 2727 habebit,
1030 2648 1073 2708 ita
1093 2670 1154 2712 nee
1173 2647 1297 2730 culpari

183 2742 357 2813 poterunt,
395 2757 455 2796 nec
485 2734 693 2818 ingenuitatis
727 2733 964 2816 praeiudicium
1006 2731 1230 2794 sustinebunt:
1266 2740 1299 2791 et

183 2833 301 2885 sortem
330 2827 499 2902 parentum
526 2818 581 2881 rel
603 2817 792 2879 facultatem
813 2817 894 2896 tilii,
934 2815 992 2898 qui
1012 2813 1203 2876 innocentes
1224 2815 1298 2875 fue-

181 2907 266 2983 riut,
297 2902 518 2965 vindicabunt.
889 2925 892 2930 ·

261 2987 326 3048 -1v,
366 2985 414 3046 Dc
437 3003 604 3046 servornm
630 2982 726 3045 etiam
741 2981 836 3044 furtis
861 2991 893 3044 et
911 2980 1087 3044 sceleribus
1111 3001 1147 3040 ea
1165 2977 1298 3041 distinc-

181 3070 282 3133 tionis
300 3070 402 3128 forma
421 3065 618 3144 servabitur,
634 3087 730 3148 quam
747 3067 918 3127 antelatae
932 3089 955 3150 p
957 3083 971 3140 )
991 3064 1078 3147 legis
1096 3065 1199 3124 forma
1212 3083 1299 3124 com·

185 3153 349 3237 plectitur.
388 3173 390 3178 ·

220 3349 223 3356 ’
334 3326 426 3404 ΤΙΤ,
455 3325 631 3400 XLVIII.
662 3325 722 3396 De
755 3325 901 3396 inflictis
935 3325 1161 3404 vulneribus,

269 3491 295 3555 Ι.
317 3487 350 3550 Si
373 3486 562 3572 quicunque
585 3487 618 3546 in
640 3507 675 3548 re
698 3510 753 3549 sua
777 3486 942 3550 violenter
961 3489 1096 3568 resistit,
1125 3487 1295 3573 superiori·

184 3573 244 3634 bus
259 3573 390 3656 quidem
409 3571 535 3652 legibus
545 3579 676 3632 tenetur
693 3572 866 3649 insertum,
897 3573 1168 3652 quemadmodum
1187 3573 1227 3634 de
1246 3571 1296 3631 in-

184 3657 285 3717 flictis
306 3657 393 3715 ferro
415 3653 605 3716 vulneribus
625 3652 808 3716 iudiceturc
831 3655 887 3715 sed
908 3657 997 3736 quod
1021 3657 1054 3714 in
1079 3678 1115 3716 ea
1140 3655 1296 3717 constitu-

182 3739 274 3799 tione
303 3759 360 3821 pro
392 3737 630 3818 emergentibus
659 3738 761 3798 causis
789 3739 996 3820 cognoscitur
1022 3739 1294 3818 praetermissum,

182 3822 348 3905 ¹praesenti
384 3822 455 3903 lege
487 3819 631 3901 oportuit
658 3819 803 3881 diffiniri.
847 3821 880 3881 si
912 3821 984 3902 quis
1012 3821 1111 3903 igitur
1137 3823 1223 3881 fuste
1245 3829 1297 3880 aut

187 3905 294 3988 lepide
315 3905 483 3966 brachium
506 3902 638 3964 alterius
660 3904 812 3986 fregerit,
835 3915 867 3965 et
882 3925 974 3964 usum
994 3909 1025 3987 q)
1049 3904 1194 3966 eiusdem
1204 3925 1296 3966 mem·
1378 3964 1381 3972 ,

257 4164 288 4232 η)
304 4163 346 4216 at.
365 4179 424 4215 mss.
441 4163 630 4230 prohibeatur.
709 4165 737 4235 ο)
756 4165 796 4217 n.
816 4165 1062 4218 maolnosraaa
1138 4164 1169 4236 p)
1186 4125 1231 4218 si.
1250 4179 1297 4216 an-

186 4235 287 4304 tiquae.
352 4235 386 4306 q)
404 4235 445 4291 Al.
474 4253 513 4286 ms
541 4248 571 4288 et
590 4254 629 4288 os.
