2826 4998
201 310 226 379 2
576 385 578 391 Ι
666 311 856 368 raouocus

184 465 273 552 ‘Qui
289 481 348 548 per
368 467 434 520 tres
452 454 565 516 Mallos
582 447 740 545 conueni·
767 447 864 528 haim,
879 451 936 532 qni
949 469 1008 532 per
1019 458 1083 510 tres
1097 449 1209 512 mallos
1226 472 1306 512 con·

205 557 316 623 entes,
351 557 461 603 omnes
483 556 649 597 causarum
674 552 741 592 orr-
768 533 935 593 venientes
952 551 1061 591 omnes
1080 553 1244 596 causarum
1263 556 1305 594 ο..

204 632 296 714 gines
327 619 464 688 sollicite
501 615 739 692 discurrendo,
766 612 1038 695 rigines‘sollicite
1052 621 1220 675 tractantes
1235 615 1305 676 dis·-

204 719 375 774 tractantes
402 703 441 764 de
469 699 628 782 singulis,
652 696 740 756 iudi·
767 697 919 756 cutiendo
950 695 989 754 de
1017 694 1176 775 singulis,
1218 697 1304 756 sicut

202 795 286 854 tium
307 790 522 850 decreuerunt
545 780 606 842 hoc
635 778 740 843 modo.
767 779 834 860 ipsa
850 778 904 837 lex
920 777 1060 837 declarat
1075 777 1230 837 iudicium
1242 779 1303 839 de-

204 877 246 937 At
264 872 318 934 ubi
330 874 400 931 Deo
414 867 543 925 fauente
557 863 739 924 Clodoveus
767 869 938 922 creverunt
953 858 1015 918 hoc
1039 859 1143 924 modo.
1184 859 1225 919 At
1245 859 1303 920 ubi

205 959 356 1018 Gomatus
371 960 402 1011 et
418 944 564 1029 pulcher,
587 955 619 1005 et
640 943 741 1024 incly·
765 945 834 1002 Deo
866 942 992 1000 favente
1014 941 1082 1000 Rex
1103 941 1304 1002 Francorum

204 1026 740 1107 tusRexFruncorumprimus,re-
765 1023 946 1083 Clodoveus
974 1019 1092 1082 florens
1113 1031 1144 1082 et
1166 1023 1304 1104 pulcher

204 1119 290 1202 cepit
306 1111 507 1177 Catholieum
523 1107 739 1186 baptismum,
766 1115 801 1170 et¹
815 1103 946 1164 inclitus
960 1103 1079 1184 primus
1097 1105 1219 1185 recepit
1239 1107 1304 1165 Ca-

205 1197 363 1284 quicqnid
384 1193 490 1252 minus
507 1191 541 1249 iu
562 1191 660 1250 Pacto
680 1188 739 1246 ba·
766 1185 922 1246 tholicum
937 1185 1144 1264 baptismum:
1167 1196 1199 1246 et
1213 1187 1305 1247 dein·

203 1284 340 1346 bebatur
359 1278 523 1348 idoneum,
534 1270 741 1352 perpraecel·
767 1269 807 1328 de
824 1267 1049 1327 Childebertus
1071 1276 1101 1326 et
1119 1267 1304 1328 Clotharius

204 1387 254 1428 sos
267 1366 368 1443 Reges
381 1351 740 1429 Clodoueum,etChil-
767 1350 802 1408 in
826 1350 953 1408 culmen
973 1349 1080 1429 regale
1101 1350 1170 1409 Deo
1194 1360 1308 1430 prote-

205 1447 391 1515 dcbertum,
421 1446 453 1498 et
479 1434 659 1495 Hlotarinm
680 1432 742 1492 fuit
768 1440 861 1511 gente
877 1449 1073 1512 pervenere,
1094 1427 1250 1512 quicquid
1267 1432 1302 1490 in

204 1526 345 1590 lucidius
371 1519 591 1592 emendatum,
614 1525 646 1576 et
664 1535 740 1595 pro·
766 1521 859 1596 pacto
889 1512 994 1572 minus
1028 1511 1204 1572 habebatur
1231 1513 1305 1573 ido-

205 1619 350 1673 curatnm
374 1604 537 1664 decretum
555 1598 627 1659 hoc.
642 1597 738 1658 Vivat
767 1615 863 1654 neum
882 1615 940 1675 per
954 1593 1026 1653 illos
1040 1595 1101 1653 fuit
1115 1594 1253 1655 lucidius
1268 1593 1304 1668 d)

205 1692 262 1775 qui
287 1693 428 1750 Francos
453 1681 559 1762 diligit
580 1679 737 1755 Christus,
766 1677 980 1751 emendatum,
995 1677 1304 1737 etsanctiusdecre-

205 1793 317 1835 eorum
336 1787 472 1850 regnum
499 1763 678 1839 custodiat,
708 1769 740 1820 et
765 1768 843 1820 tum.
886 1757 983 1818 Vivat
995 1759 1051 1838 qui
1068 1760 1207 1818 Francos
1226 1755 1306 1819 dili-

203 1853 406 1917 Rectoresde
424 1847 545 1906 lumine
571 1863 646 1904 snae
673 1861 741 1924 gra-
768 1842 823 1924 git.
871 1837 1017 1900 Christus
1039 1836 1149 1899 eorum
1166 1859 1304 1921 regnum

205 1939 269 1998 tiae
299 1933 438 2014 repleat,
468 1926 646 1987 exercitum
665 1945 741 2006 pro·
767 1921 937 1991 custodiat,
961 1923 1109 1981 Rectores
1126 1921 1304 1982 eorundem

205 2028 303 2102 tegat,
325 2014 399 2074 fidei
416 2017 623 2071 monumenta
642 2007 742 2067 tribu·
767 2004 889 2064 lumine
917 2022 992 2062 suae
1019 2003 1135 2083 gratiae
1157 2004 1303 2084 repleat,

207 2111 249 2178 at,
262 2089 739 2182 pacis-gaudiaetfoelicitatem,
767 2085 944 2149 exercitum
965 2094 1119 2166 protegat,
1141 2085 1216 2145 fidei
1237 2105 1306 2142 mu-

206 2193 349 2264 tempora
371 2171 602 2237 dominantium
628 2171 740 2230 Domi·
769 2168 891 2228 nimina
905 2165 1034 2241 tribuat,
1051 2166 1256 2247 paci-agaudia
1274 2173 1307 2224 et

208 2286 268 2324 nus
282 2260 427 2321 Christus
440 2259 526 2316 lesus
537 2254 652 2335 pietate
668 2273 742 2312 con·
770 2247 934 2310 felicitatis
960 2257 1102 2327 tempora
1125 2248 1307 2308 'dominan-

210 2348 313 2407 ducat.
354 2343 439 2404 Haec
460 2347 507 2398 est
529 2335 616 2397 enim
644 2336 742 2410 Gens,
770 2332 851 2392 tium
865 2329 1307 2409 DominolesuChristopro-

209 2447 289 2510 quae
309 2422 401 2502 fortis
426 2421 502 2481 dum
523 2425 623 2491 esset,
646 2425 742 2476 etro·
772 2414 910 2498 piciante
923 2411 1078 2470 concedat
1091 2417 1135 2490 e).
1162 2413 1309 2471 Haecest

208 2511 286 2571 bore
312 2504 415 2566 valida
427 2547 436 2579 ,
458 2503 672 2560 Romanorum
692 2498 744 2555 in·
773 2495 894 2558 etenim
915 2511 1002 2572 gens,
1024 2513 1106 2572 quae
1127 2491 1308 2574 pervadum

211 2587 286 2674 gum
301 2585 505 2650 durissimum
526 2581 564 2640 de
587 2581 745 2642 suiscer-
775 2585 856 2639 esset
883 2595 1034 2650 numero,
1069 2575 1159 2634 fortis
1193 2573 1307 2632 robore

210 2670 336 2738 vicibus
345 2666 483 2728 excussit
493 2661 685 2744 pugnando,
704 2669 747 2718 at·
775 2667 830 2734 (et
845 2656 959 2731 valida,
977 2655 1180 2715 durissimum
1187 2653 1215 2733 f
1219 2660 1229 2733 )
1249 2655 1310 2712 Ro-

212 2775 276 2838 que
291 2755 360 2832 post
375 2747 571 2830 agnitionem
585 2741 746 2824 Baptismi‚
775 2759 940 2800 manorum
959 2735 1068 2818 iugum
1093 2737 1131 2798 de
1156 2735 1220 2797 suis
1237 2754 1309 2794 cer-

212 2847 395 2898 sanctorum
418 2832 591 2908 Martyrum
615 2845 748 2905 corpora
775 2820 901 2884 vicibus
911 2818 1047 2879 excussit
1059 2818 1243 2900 pugnando.
1256 2815 1310 2874 At-

213 2922 314 2998 (quae
341 2915 475 2972 Romani
495 2911 568 2990 igne
589 2926 750 2964 cremaue-
774 2925 840 2984 que
858 2910 929 2984 post
946 2899 1141 2981 agnitionem
1162 2894 1309 2979 baptismi

214 3007 303 3072 runt,
326 2994 378 3052 vel
393 2995 479 3053 ferro
496 2988 749 3064 trucidauerunt,
779 2996 959 3046 sanctorum
972 2993 1145 3064 martyrum
1164 2999 1308 3060 corpora,

215 3080 449 3158 truncauerunt
470 3081 523 3137 aut
539 3068 648 3130 bestiis
665 3069 749 3128 lace·
779 3087 861 3148 quae
877 3064 1011 3124 Romani
1023 3065 1073 3124 vel
1091 3063 1157 3144 igni
1176 3080 1310 3123 concrc-

214 3159 313 3223 randa
330 3155 553 3236 proiecerunt)
572 3158 751 3229 sumptuose
780 3156 958 3223 moverunt,
978 3146 1029 3204 vel
1044 3147 1130 3204 ferro
1146 3154 1311 3205 truncave-

216 3237 510 3320 auroetlapidibus
534 3231 682 3316 pretiosis
700 3253 753 3292 ex·
779 3239 880 3305 runt,
911 3227 964 3288 vel
999 3227 1107 3287 bestiis
1144 3222 1311 3286 laceranda

217 3321 355 3385 ornauit.
780 3312 996 3396 proiecerunt,
1023 3308 1139 3368 Franci
1161 3311 1311 3386 (reperta

254 3407 256 3410 ’
782 3414 860 3454 auro
882 3399 914 3452 et
934 3388 1092 3470 lapidibus
1111 3387 1309 3472 preciosisg]

783 3479 989 3538 ornaverunt.

247 3641 286 3682 ns
307 3621 411 3680 arcun
441 3629 661 3672 murmannus
683 3632 722 3674 ac

344 3717 448 3776 eanum
477 3713 624 3758 carrona.
716 3749 720 3752 ,

260 3816 385 3898 Moyses
404 3808 500 3870 Genti
513 3807 673 3868 Hebraeae
689 3807 754 3889 pri·
823 3801 950 3868 Placuit
969 3808 1062 3878 atque
1090 3792 1245 3857 conuenit
1264 3790 1314 3850 in-

219 3919 308 3958 mum
332 3892 477 3956 omnium
499 3889 626 3950 dininas
650 3889 752 3972 Leges
781 3898 831 3951 ter
852 3888 993 3949 Francos
1014 3889 1045 3942 et
1067 3899 1180 3941 eorum
1198 3877 1317 3938 Proce-

833 3671 991 3728 PROLOGUS
1013 3669 1098 3710 uuuts
1120 3667 1254 3712 stercus.
1326 3702 1329 3704 .

227 4037 636 4067 Μ*-

290 4123 323 4189 cl)
342 4097 423 4172 Goth.
442 4115 540 4168 lucide.
588 4083 595 4098 ,-
616 4116 647 4186 e)
664 4112 748 4169 Goth.
764 4111 933 4184 propitiante
948 4108 1059 4180 picture.
1131 4099 1174 4175 s)
1199 4096 1280 4152 Goth.

220 4188 591 4331 ggp'gl’gggigtsgrstsstmumque.
665 4185 698 4255 g)
725 4180 809 4240 Goth.
829 4192 937 4251 reperta
960 4193 1042 4248 super
1059 4175 1199 4230 aurumet
1214 4167 1285 4237 lapt-
