2900 5020
387 309 493 366 LEGIS
512 307 805 364 sunouuorouuu
824 309 896 365 arr.
915 309 994 368 xix.
1023 327 1024 336 ¹
1180 275 1254 368 sas

141 475 215 516 uam
237 450 461 513 conditionem
481 449 695 512 manumissus
717 449 837 533 poterit
857 451 1004 515 revocari
1027 455 1080 530 ai,
1102 451 1257 532 (11111101ὲ

140 547 171 598 te
193 536 270 597 talia
296 535 329 594 in
350 533 503 608 damnum
525 540 557 593 et
580 533 616 616 b)
650 531 879 594 contumeliam
901 535 1171 598 absolutortssst
1186 540 1257 600 'aas

140 620 264 682 misisse
294 619 329 677 iu
351 615 477 677 iudicio
498 616 726 695 contincatur,
758 627 794 678 ut
825 617 1121 702 merito-'conlatam
1138 616 1258 682 'duhest

140 698 280 786 perder'e
308 700 499 764 libertatem.
549 699 653 760 Huius
673 721 751 760 vero
780 697 916 762 actionis
937 701 1142 783 pontificium
1172 706 1259 766 circa

139 783 388 847 manumissores
410 791 536 842 tantum
558 781 598 842 de
627 782 751 843 libertis
773 783 839 844 suis
857 773 1259 866 praecipimuscusiodiri.

224 867 270 928 II.
313 867 465 929 Ceterum
495 864 590 925 heres
614 864 706 940 eius,
733 887 750 924 a
773 881 837 947 quo
859 865 1056 948 mancipium
1082 869 1183 932 fuerit
1209 865 1261 931 ab-

142 951 304 1026 solutum,
333 949 367 1008 iu
390 947 536 1030 qualibet
556 967 667 1009 caussa
693 947 846 1009 libertum
867 950 966 1030 patris
994 949 1260 1016 summaliter
1349 971 1354 979 '

143 1057 241 1118 quam
262 1032 459 1116 ingenuum,
481 1030 610 1093 noverit
631 1051 699 1093 esse
718 1031 926 1114 pulsandum.
1187 1045 1190 1054 ⁴
1226 1038 1252 1057 '‘

194 1187 287 1261 Tru.
312 1184 416 1254 XLI.
467 1182 526 1253 De
553 1160 732 1254 messibus
765 1183 935 1254 incendio
961 1189 1210 1265 concrematis.
1242 1221 1247 1234 ·

227 1339 251 1404 1.
294 1334 330 1399 si
346 1335 418 1419 quis
430 1336 469 1398 iu
485 1345 597 1402 exarto
614 1341 722 1408 ejsuo
741 1335 850 1398 focum
865 1335 1000 1415 feeerit,
1023 1339 1261 1402 etfocusuullo

146 1419 362 1503 compellente
381 1426 480 1482 vento
503 1439 562 1503 per
580 1429 698 1480 terram
717 1438 851 1481 currens
865 1419 905 1480 ad
926 1441 1034 1503 sepem
1055 1421 1108 1484 vel
1126 1445 1262 1494 messem

144 1501 331 1591 pervenerit
360 1503 517 1588 alienam,
555 1501 717 1585 quidquid
750 1516 989 1574 concrematum
1010 1524 1051 1566 ex
1077 1525 1114 1565 ea
1143 1506 1260 1585 suerit,

147 1589 268 1664 abeo,
304 1586 363 1665 qui
381 1585 491 1648 focum
515 1585 848 1664 fecit,¹reformetur.
1007 1588 1015 1608 ‘¹

227 1670 273 1732 II.
315 1669 350 1730 Si
373 1689 450 1730 vero
471 1668 633 1727 flammam
661 1667 744 1750 iguis
767 1668 807 1728 ad
829 1689 940 1750 sepem
959 1667 1013 1730 rel
1035 1689 1169 1729 messem
1186 1668 1263 1730 alte·

147 1753 215 1816 rius
244 1753 291 1814 vis
320 1751 410 1814 venti
439 1749 658 1829 transtulerit,
695 1749 848 1811 damnum
876 1750 964 1834 quod
987 1750 1124 1826 inlatum
1148 1753 1197 1821 ast
1224 1752 1263 1812 ab

147 1858 205 1915 eo,
235 1837 293 1918 qui
314 1835 425 1896 foo'um
446 1833 579 1912 iecerit,
610 1853 676 1894 nou
697 1842 881 1916 quaeratur.

119 2006 121 2012 ’
199 1987 290 2058 Tru.
311 1985 433 2056 XLII.
483 1984 541 2055 De
564 1985 826 2056 hereditatibus
852 2008 1008 2086 eorum,
1050 1986 1113 2079 qui
1134 1957 1242 2054 siue¹
1276 1954 1278 1962 ¹

544 2083 628 2154 filiis
647 2087 865 2154 moriuntur.
954 2161 956 2166 ,
1235 2100 1287 2129 a.

231 2215 258 2276 I.
301 2213 394 2276 Licet
423 2211 462 2276 de
491 2211 669 2274 heredibus
692 2235 820 2290 eorum,
848 2211 905 2293 qui
927 2211 997 2276 sine
1019 2211 1095 2276 filiis
1117 2208 1266 2308 morian}

152 2308 223 2376 tur,
251 2298 418 2380 complura
447 2294 609 2378 prioribus
636 2296 761 2379 iegibus
794 2295 997 2375 iusserimus,
1037 2299 1157 2363 tamen¹
1176 2305 1267 2376 nunc

152 2380 327 2464 impensius
358 2379 519 2442 universa
556 2389 730 2440 tractantes
768 2379 888 2440 iustum
925 2401 993 2441 esse
1025 2379 1267 2462 prospeximus,

153 2474 191 2525 ut
225 2463 332 2547 aliqua
370 2483 410 2523 ex
447 2461 517 2539 his,
550 2483 632 2546 quae
666 2469 739 2522 ante
778 2469 949 2544 praecepta
983 2463 1132 2541 fuerant,
1171 2463 1269 2538 corri-

153 2556 278 2630 gantur.
321 2544 447 2609 Idcirco
469 2545 631 2627 praesenti
655 2543 886 2608 constitutione
922 2545 1146 2623 deceruimus,
1166 2545 1213 2604 'ut
1242 2538 1269 2605 si

152 2630 271 2692 mulier
287 2630 443 2690 defuncto
469 2629 538 2688 sine
556 2628 632 2690 filiis
647 2626 787 2710 coniuge
808 2648 866 2687 suo
887 2626 926 2688 ad
946 2629 1088 2688 secunda
1111 2635 1184 2688 vota
1202 2649 1268 2689 non

153 2711 248 2783 ierit,
276 2713 405 2772 tertiam
422 2711 520 2771 totius
543 2709 738 2772 substantiae
766 2708 873 2768 mariti
895 2711 1057 2792 usquead
1080 2711 1166 2776 diens
1188 2732 1272 2771 mor.-

154 2794 195 2854 tis
216 2815 292 2854 suae
313 2815 426 2855 secura
446 2794 623 2876 possideat:
655 2794 701 2856 sio
721 2803 826 2854 tamen
843 2801 878 2851 ut
897 2803 970 2875 post
989 2793 1159 2854 transitum
1183 2793 1269 2870 eius,

154 2875 195 2936 ad
217 2875 377 2956 legitimos
396 2875 502 2934 mariti
522 2876 659 2938 heredes
680 2877 788 2936 omnia
809 2886 1022 2948 revertantur.
1169 2937 1171 2940 .

198 3023 200 3026 Α
238 2957 283 3019 11.
325 2959 373 3018 De
397 2960 612 3040 morgengeba
645 2980 741 3034 vero,
778 2958 868 3039 quod
892 2959 992 3041 priori
1019 2957 1090 3040 lege
1117 2964 1272 3028 statutum
1346 3005 1348 3011 .

156 3048 223 3116 est,
254 3050 450 3123 permaneat.
499 3041 582 3100 Nam
610 3040 637 3102 si
662 3064 679 3100 a
709 3051 853 3122 tempore
889 3041 994 3102 obitus
1019 3040 1136 3123 prioris
1167 3039 1273 3100 mariti

156 3123 241 3183 iufra
271 3143 392 3182 annum
414 3119 537 3182 nubere
565 3123 725 3201 voluerit,
759 3123 875 3184 haheat
901 3125 1035 3185 liberam
1063 3125 1271 3206 potestatem)

156 3215 189 3267 et
211 3205 336 3266 tertiam
355 3203 555 3268 substantiae,
579 3216 723 3288 partem,
750 3228 845 3287 quarn
867 3208 1023 3289 permissa
1044 3207 1150 3266 fuerat
1172 3203 1273 3289 possi-

157 3289 254 3366 dere,
284 3287 430 3353 dimittat.
475 3287 625 3350 Ceterum
644 3287 671 3348 si
691 3309 819 3348 emenso
845 3309 929 3350 anno
951 3291 1003 3350 vel
1025 3290 1160 3350 bie'nnio
1176 3289 1275 3350 mari-

156 3381 226 3431 tum
248 3371 391 3433 voluerit
424 3369 587 3453 accipere,
627 3371 734 3430 omnia
759 3371 842 3432 sicut
873 3372 994 3433 dictum
1022 3382 1085 3450 est,
1123 3393 1205 3453 quae
1234 3374 1274 3446 de

155 3455 264 3536 priore
290 3455 404 3514 marito
424 3452 555 3532 babuit,
579 3453 806 3534 derelinquat,
830 3464 861 3514 et
874 3457 1015 3536 pretium
1027 3456 1124 3536 quod
1140 3457 1179 3516 de
1196 3456 1276 3536 nup·

157 3536 211 3597 tiis
245 3536 313 3598 eius
337 3537 546 3598 inferendum
575 3546 638 3615 est,
669 3536 821 3620 accipiat:
858 3547 890 3598 et
908 3539 1096 3622 parentibus
1128 3538 1276 3600 defuncti

157 3619 264 3680 mariti
295 3620 433 3681 debetur
462 3619 634 3685 hereditas.

240 3701 338 3788 (Data
361 3700 550 3764 Ambariaco
584 3705 619 3762 in
646 3702 821 3786 Colloquio
846 3704 905 3766 sub
928 3703 987 3766 die
1003 3703 1063 3770 ΙΙΙ.
1091 3703 1174 3770 Non.
1196 3704 1277 3788 Sep-

158 3785 254 3851 temb.
275 3784 402 3848 AbIeno
428 3785 497 3852 Vc.
520 3789 616 3860 Cous.
638 3785 678 3858 d)
946 3789 948 3792 ’

388 3937 479 4014 TIT.
500 3938 641 4007 XLIII.
666 3961 667 3966 ’
693 3940 751 4008 De
783 3925 1049 4020 donationibus.

242 4063 266 4125 1.
308 4062 399 4143 Licet
420 4065 514 4146 plura
536 4066 576 4126 de
600 4066 827 4130 donationibus
844 4068 897 4134 lea
922 4078 1028 4128 nostra
1047 4067 1087 4128 de
1109 4067 1282 4154 superiori·

165 4175 650 4194 ——n——Q-h———n-

230 4231 259 4302 o)
277 4231 317 4284 Al.
338 4247 384 4284 rns.
404 4236 587 4285 manumissor
605 4237 707 4303 poterit
722 4252 864 4310 revocure.
952 4236 979 4305 b)
999 4237 1038 4290 ΑΙ.
1060 4223 1179 4292 msam.
1249 4244 1281 4310 c)

161 4300 202 4354 Al.
222 4319 268 4356 ms.
290 4317 399 4357 exortu.
471 4303 500 4374 d)
519 4305 624 4356 Desunt
643 4306 671 4357 in
691 4306 724 4356 aI'.
744 4304 829 4356 Codd.
1207 4331 1211 4338 ·
1257 4309 1261 4327 ⁴
