2826 4998
604 321 812 382 PRAEFATIO.
1225 325 1263 382 lX

151 518 252 583 pauca
266 493 391 584 publici
405 496 484 561 iuris
497 496 575 560 lecit
584 501 632 578 o);
655 518 717 562 neo
731 515 797 558 nou
813 493 972 560 editiones
989 496 1035 564 lo.
1048 495 1194 562 Sichardi
1205 507 1265 581 w),

152 606 250 693 Titii,
272 615 408 676 Heroldi
430 624 462 677 et
484 613 728 698 Lindeubrogii,

234 723 275 792 Iu
297 730 449 792 ambabus
469 728 519 792 his
541 729 685 812 legibus,
716 727 822 792 Salica
845 737 878 792 et
891 726 1044 812 Ripuaria
1064 728 1199 794 edendis
1220 729 1265 794 ita

152 854 190 906 ut
211 845 281 906 dixi
302 856 445 909 uersatus
465 868 553 924 sum,
575 855 612 910 ut
633 867 673 908 ex
694 844 757 905 iam
777 844 914 929 vulgatis
933 843 1024 906 libris
1044 852 1185 924 textum,
1206 844 1287 928 qui'

152 961 444 1024 commendabilior
465 960 650 1039 videbatur,
682 959 844 1044 integrum
861 958 1064 1044 receperim,
1091 959 1208 1042 illique
1229 959 1265 1036 in

153 1077 241 1139 uotis
268 1097 382 1140 omues
399 1075 804 1158 'lectionumffarietatem
841 1075 937 1140 etiam
968 1096 1052 1159 quae
1075 1074 1266 1142 levissimae

153 1201 280 1271 essent,
307 1191 494 1254 adiecerim.
535 1189 575 1253 ln
610 1188 743 1254 caeteris
775 1200 882 1254 autern
915 1191 1040 1275 legibus
1077 1190 1142 1254 alio
1169 1190 1266 1253 modo

155 1307 318 1369 utendum
339 1328 406 1370 esse
427 1303 519 1398 dcxl}
546 1306 706 1390 Equidem
720 1327 785 1368 non
808 1314 950 1388 tontum,
971 1327 1054 1390 quac
1077 1307 1161 1369 notis
1182 1328 1267 1369 com·

155 1423 362 1486 memoranda
383 1433 505 1503 essent,
527 1425 690 1487 severiore
712 1423 844 1486 delectu
864 1423 907 1484 ita
929 1422 1078 1502 tractavi,
1100 1433 1137 1510 ut
1158 1422 1266 1488 innuis

155 1547 214 1598 ant
232 1548 339 1622 aperte
361 1537 440 1602 falsa
461 1540 556 1623 plane
578 1537 758 1618 omiserim,
781 1537 838 1602 sed
858 1537 955 1601 etiam
970 1539 1009 1602 ad
1024 1539 1128 1623 ipsum
1140 1550 1266 1604 textum

157 1651 385 1736 corrigendum
415 1675 544 1714 manum
576 1641 735 1734 adhibui,
779 1654 906 1737 quoties
934 1653 1084 1737 probatae
1115 1655 1267 1718 lectionis

155 1768 330 1832 auctoritas
361 1769 494 1836 adesset.
545 1769 740 1834 Coniecturis
767 1784 871 1834 sutem
891 1772 974 1834 nihil
996 1790 1131 1854 unquam
1157 1771 1266 1832 datum

156 1897 214 1954 cst.
256 1885 312 1948 Sic
339 1883 374 1946 iu
396 1887 480 1970 Lege
499 1886 751 1954 Alamannorum
779 1895 907 1972 praeter
933 1886 1110 1950 editionem
1140 1885 1267 1949 Bolusii

156 2023 209 2064 me
237 2001 432 2065 adiuverunt
461 2003 607 2087 quinque
628 2004 762 2068 Codices
793 2004 913 2066 ibidem
941 2002 1082 2083 laudati,
1112 2003 1265 2070 nimirum

156 2139 245 2180 unns
272 2117 487 2180 bibliothecae
516 2118 690 2198 Thaenae,
723 2117 805 2182 alter
833 2119 865 2186 S.
897 2117 1062 2182 Vincentii
1094 2117 1266 2197 Metennio,

156 2234 273 2297 tertius
292 2235 390 2318 Liber
407 2233 653 2314 Corhionensb,
674 2245 707 2298 et
727 2236 791 2298 duo
812 2235 922 2319 Regii,
945 2255 1083 2319 quorum
1104 2255 1187 2296 uuus
1209 2255 1264 2294 ao·

156 2360 210 2412 tea
230 2351 358 2413 Claudii
379 2350 515 2414 Puteaui
537 2354 652 2422 luerat,
686 2330 859 2416 ¹Praetereo
888 2350 968 2412 mihi
999 2348 1130 2413 obvenit
1150 2347 1262 2410 Codex
1376 2407 1383 2418 ,

159 2465 378 2550 sangallensis
406 2490 449 2534 ‚ex
482 2468 624 2531 editione
652 2468 797 2534 Goldasti
818 2474 873 2548 x),
907 2476 940 2530 et
971 2487 1053 2551 quae
1081 2462 1262 2526 recentiore

160 2605 240 2646 nevo
253 2604 293 2645 ex
310 2584 427 2646 Codice
443 2583 710 2648 Helmertadieusi
719 2589 756 2664 y)
778 2595 812 2648 et
825 2581 1080 2668 spangenbergii
1098 2581 1132 2640 in
1155 2581 1263 2643 lucem

158 2697 273 2761 emissa
292 2707 377 2763 snut.
417 2701 568 2783 Denique
591 2701 748 2763 editiones
769 2700 866 2780 Tilii,
887 2699 1038 2776 Heroldi,
1062 2695 1264 2758 Lindeuhro-

158 2814 205 2897 gii
226 2823 258 2878 et
275 2837 350 2900 prae
373 2786 493 2879 ¹ceteris
515 2815 729 2878 schilteriaua
749 2820 784 2896 z)
811 2815 892 2890 mihi
914 2814 1099 2878 utilissimae
1121 2813 1265 2880 fuerunt.

228 3087 254 3157 ν)
287 3084 407 3154 lleitrtige
425 3108 458 3140 zu
480 3090 534 3141 den
553 3085 705 3142 deutschen
720 3087 843 3141 liechteu
860 3087 1088 3145 desMittelalters
1106 3087 1263 3157 vorzitglich

157 3196 207 3232 zur
230 3179 330 3234 Knnde
355 3180 412 3232 und
440 3179 530 3232 Kritih
555 3179 603 3234 der
632 3181 875 3247 altgermanischcn
898 3181 1105 3238 Rechtsbiicher
1128 3194 1179 3238 etc.
1205 3202 1260 3240 von

154 3270 236 3324 Ernst
252 3272 449 3342 spangenberg.
485 3273 567 3326 Helle
594 3278 666 3329 1822.
687 3273 712 3342 4.

225 3390 261 3459 w)
296 3389 378 3458 Leges
395 3392 590 3464 ltipuariorum‚
613 3393 815 3448 baiuvariorum
839 3403 867 3450 et
884 3385 1114 3460 Alamannorum,
1141 3396 1264 3451 Basileao

153 3482 290 3536 Mnxxx.
318 3488 343 3540 8.
709 3495 711 3500 '

176 3647 179 3650 Ι
222 3577 255 3648 x)
287 3578 440 3651 Scriptores
459 3580 558 3632 iterum
581 3581 818 3636 Alemannicarum
841 3585 873 3637 Τ.
897 3585 939 3638 ΙΙ.

217 3690 253 3764 y)
285 3695 407 3762 Beitriigc
427 3715 461 3748 zu
487 3697 541 3751 den
566 3698 717 3752 deutschen
735 3699 858 3754 liechten
878 3699 925 3755 des
945 3701 1120 3760 Mittelaltors
1137 3708 1264 3770 *arndeo

149 3787 365 3845 Handschritteu
392 3793 449 3846 und
477 3794 552 3848 alten
582 3793 710 3849 Druclen
745 3798 793 3849 der
818 3796 1025 3852 ahademischen
1051 3801 1209 3855 Bibliothel
1235 3804 1264 3854 in

142 3879 322 3948 'Helmsttdm
353 3884 570 3954 herousgegebcn
592 3905 645 3943 von
668 3889 736 3942 Paul
759 3889 842 3943 lacob
865 3894 958 3945 Bruus.
993 3889 1164 3960 (Helm'sttidt
1191 3913 1263 3964 ¹799

149 3979 198 4050 8.)
221 3970 325 4034 Ssrne.

218 4098 246 4162 z)
280 4095 444 4150 Elsassische
463 4099 521 4150 und
537 4098 754 4166 Strasburgische
770 4097 891 4152 Chronik
907 4119 961 4155 von
976 4101 1059 4154 Iacob
1079 4119 1133 4155 von
1150 4103 1265 4170 Kbnigs·

146 4191 232 4246 hosen
255 4199 327 4257 etc,
350 4193 401 4246 mit
417 4193 598 4282 historischen
616 4195 825 4262 Anmerkungen
841 4196 867 4249 in
889 4196 982 4252 Druck
999 4197 1118 4264 gegeben
1135 4217 1188 4253 von
1204 4200 1265 4254 Iob·

147 4283 269 4344 sunmr
284 4285 445 4356 (sunem
470 4270 551 4356 3698.
574 4285 617 4358 t.)
642 4287 894 4345 emarcescunt
921 4290 946 4344 s.
969 4293 1081 4346 cas..-
1099 4293 1167 4360 on*

516 4537 523 4554 ⁸
568 4529 668 4626 “trs

448 4650 450 4656 ,
638 4631 723 4684 ’ἣν
