2876 4992
193 255 266 362 lit
445 277 904 337 tno1sn1ruan10aua1r1r.
925 279 1035 336 xxxu.

173 453 208 482 ,a
281 421 373 494 'ttsm
399 391 749 531 (32¹.)J-,Desss'erro
773 421 872 500 intra
896 425 1067 494 ducatum
1091 423 1205 518 lapso.

235 539 250 628 j,
276 539 318 606 ll.
360 539 457 618 Quod
477 539 504 602 si
523 531 653 620 servus,
674 530 804 623 qnando
826 541 976 604 dominns
997 543 1221 626 interpellatus
1233 545 1313 608 fue*

192 622 358 702 rtt,*infra
384 623 536 684 ducatum
559 625 636 707 fuga
655 623 762 706 lapsus
790 625 909 703 fuerit,
935 647 1031 709 snpra
1059 628 1309 721 quatuordecim

193 715 306 770 noctes
327 714 382 765 aut
406 706 511 788 ipsum
535 715 777 788 repraesentet,
797 717 852 767 aut
869 729 928 790 pro
952 730 991 770 eo
1015 708 1113 769 faeiat
1133 709 1307 772 rationem.

124 843 126 848 .
163 809 165 816 ’
193 788 291 867 Quod
313 787 338 849 si
360 798 529 872 postquam
556 811 631 850 eum
659 788 700 848 ad
724 787 833 870 ignem
854 789 1069 871 adplicuerit,
1091 792 1168 875 fuga
1195 792 1307 874 lapsus

169 869 311 950 ''*fusrit,
333 871 374 932 ad
400 871 554 952 placitum
576 869 711 933 veniens
739 892 813 931 cum
843 871 944 934 tribus
967 873 1101 935 testibus
1123 876 1158 938 in
1180 872 1309 936 haraho

142 981 143 986 ¹
193 963 247 1036 w)
268 953 434 1029 coniuret,
456 954 544 1037 quod
560 974 679 1016 servus
700 952 775 1030 ille,
798 976 896 1037 quem
919 956 958 1018 ad
976 956 1085 1037 ignem
1111 977 1305 1040 repraesen-

141 1031 165 1066 Ὗ
192 1043 261 1096 tare
285 1033 458 1114 debuerat,
480 1046 570 1098 extra
587 1036 656 1098 eins
678 1035 879 1099 voluntatem
895 1038 972 1122 fuga
996 1039 1103 1120 lapsus
1124 1040 1185 1116 sit,
1208 1039 1306 1102 etsie

194 1118 303 1178 denno
327 1117 463 1198 placitus
488 1120 519 1180 ei
542 1117 754 1195 concedatur,
782 1128 818 1179 ut
847 1141 944 1202 super
973 1122 1220 1203 quatuordecim
1244 1143 1306 1184 scu

192 1221 292 1282 super
311 1199 523 1284 quadraginta
556 1209 666 1262 noctes
695 1221 769 1262 enm
797 1213 1038 1286 repraesentare
1069 1205 1216 1278 student3
1247 1213 1306 1266 ant

194 1283 263 1365 ipse
287 1283 321 1342 in
342 1304 409 1344 rem
432 1293 478 1358 x)
498 1283 700 1365 respondeat.

191 1401 340 1478 XXXI.
372 1399 482 1497 (55.)
529 1400 587 1471 De
619 1400 767 1471 homine
793 1402 951 1495 ingenuo
984 1403 1304 1499 repraesentando,

278 1523 303 1588 1.
344 1522 442 1599 Quod
464 1521 490 1582 si
507 1520 605 1584 homo
624 1521 785 1605 ingenuus
807 1522 842 1582 in
868 1522 1022 1605 obsequio
1038 1530 1084 1600 y)
1103 1522 1235 1585 alterius
1255 1524 1305 1584 im

194 1605 340 1687 culpatus
364 1604 482 1682 fuerit,
501 1604 568 1687 ipse
589 1605 645 1687 qui
666 1615 838 1687 eumpost
860 1628 894 1668 se
919 1605 1033 1667 eodem
1058 1615 1201 1687 tempore
1222 1605 1306 1668 reti-

193 1687 268 1749 nuit
285 1696 334 1763 ⁴2),
356 1687 390 1746 in
413 1688 592 1769 praesentia
610 1688 725 1750 iudicis
744 1689 911 1767 similiter,
940 1687 1024 1749 sicut
1043 1687 1191 1769 superins
1213 1707 1306 1749 com-

190 1771 389 1855 prehensum
403 1779 461 1846 est,
478 1780 718 1852 repraesentare
736 1773 880 1849 studeat,
901 1770 997 1831 autin
1013 1792 1083 1832 rem
1096 1771 1305 1851 respondere.

278 1852 322 1918 ll.
364 1852 463 1930 Quod
488 1852 516 1920 si
539 1873 612 1912 eum
637 1874 703 1913 non
729 1853 1039 1937 repraesentaverit,
1061 1853 1125 1913 tale
1150 1852 1305 1914 damnum

193 1934 358 2010 incurrat,
380 1934 476 2016 quale
506 1934 562 1996 ille
594 1936 752 1998 sustinere
784 1937 954 2013 debuerat,
977 1936 1035 2018 qui
1058 1935 1093 1998 in
1116 1933 1187 1998 eius
1209 1935 1305 1998 obse-

189 2018 273 2098 quio
293 2026 341 2077 est
361 2016 555 2098 inculpatus.

277 2097 334 2181 ¹llI.
376 2101 444 2160 Hoc
471 2109 578 2160 antem
602 2099 845 2179 constituimus,
873 2109 911 2161 ut
932 2097 1019 2161 infra
1039 2099 1157 2183 pagum
1179 2098 1304 2182 Ripua-

188 2179 352 2242 riumtam
374 2182 511 2259 Franci,
532 2184 796 2265 Burgundiones,
817 2183 1008 2260 Alamanni,
1030 2203 1087 2245 seu
1105 2182 1145 2242 de
1159 2203 1305 2266 quacun-

187 2285 259 2345 que
278 2264 408 2324 natione
432 2275 643 2326 commoratus
662 2266 782 2346 suerit,
805 2265 839 2326 in
856 2265 978 2327 iudicio
992 2264 1239 2349 interpellatus,
1259 2263 1307 2325 si-

190 2355 249 2407 cut
269 2345 323 2406 lex
346 2346 410 2408 loci
430 2347 591 2425 continet,
614 2347 669 2408 ubi
693 2358 786 2410 natus
810 2348 930 2426 fuerit,
950 2347 997 2411 sic
1018 2346 1221 2430 respondent.

277 2427 336 2494 Ν.
378 2429 475 2508 Quod
502 2430 528 2491 si
556 2430 722 2492 damnatus
744 2431 864 2507 fuerit,
894 2429 1072 2494 secundnm
1102 2429 1209 2512 legem
1232 2449 1306 2514 pro-

181 2509 314 2594 priam,
336 2532 402 2572 non
423 2511 602 2573 secundum
620 2513 821 2596 Ripnariam,
842 2514 994 2574 damnum
1017 2511 1182 2574 sustineat.

276 2595 316 2659 V.
359 2594 456 2672 Quod
485 2593 512 2656 si
539 2595 574 2655 in
600 2595 767 2678 provincia
793 2595 946 2677 Ripuaria
973 2595 1130 2656 iuratores
1157 2591 1305 2654 invenire

181 2692 261 2736 mon
281 2677 425 2761 potuerit
437 2723 447 2755 ,
469 2677 509 2739 ad
530 2677 639 2760 ignem
657 2700 714 2740 sen
740 2679 780 2739 ad
804 2686 922 2740 sortem
941 2699 974 2740 se
995 2696 1148 2739 excusare
1169 2674 1306 2740 studeat.

392 2795 483 2866 ΤιΤ.
515 2793 680 2865 XXXII.
706 2793 821 2891 (sl.)
872 2795 930 2865 De
956 2795 1132 2866 mannire,

276 2917 303 2983 Ι.
347 2915 380 2977 si
403 2915 475 2996 quis
501 2915 626 2997 legibus
648 2915 688 2976 ad
712 2916 844 2976 mallum
863 2917 1024 2976 mannitus
1043 2913 1161 2990 fuerit,
1184 2923 1218 2974 et
1236 2933 1301 2972 non

185 3000 339 3076 venerit,
368 2997 394 3059 si
419 3018 493 3057 eum
519 2997 632 3058 sunnis
662 3019 726 3057 non
754 2998 959 3076 detenuerit,
984 2996 1171 3080 quindecim
1191 2994 1302 3056 solidis

187 3081 367 3164 culpabilis
391 3079 564 3140 iudicetur.
604 3079 665 3140 Ille
698 3100 774 3140 vero
803 3081 859 3162 qui
884 3080 983 3140 alium
1006 3078 1151 3154 mannit,
1180 3086 1212 3137 et
1234 3077 1302 3158 ipse

190 3185 259 3222 non
284 3164 391 3237 venit,
413 3162 562 3223 similiter
586 3161 773 3243 quindecim
797 3163 908 3224 solidis
934 3161 1105 3243 culpabilis
1129 3158 1302 3224 indicetur.

276 3245 323 3307 ll.
365 3245 398 3305 Si
421 3252 529 3304 autem
549 3245 711 3304 mannitus
744 3245 843 3306 fuerit
869 3246 909 3306 ad
941 3245 1120 3306 secundum
1145 3242 1303 3316 mallum,

189 3337 250 3387 aut
274 3327 314 3389 ad
338 3327 487 3404 tertium,
509 3347 567 3388 seu
593 3324 634 3386 ad
655 3337 824 3408 quartum,
852 3327 904 3388 vel
935 3326 1102 3409 quintum,
1133 3344 1236 3407 usqne
1263 3323 1302 3384 ad

189 3415 320 3470 sextum
346 3416 378 3469 et
404 3410 515 3472 venire
543 3409 720 3487 distulerit,
750 3430 808 3489 pro
831 3430 1029 3491 unoquoque
1051 3408 1168 3482 mallo,
1191 3405 1218 3469 si
1244 3405 1301 3470 itte

191 3492 251 3572 qni
273 3513 347 3553 eum
364 3492 507 3568 mannit,
536 3513 609 3552 cum
628 3491 730 3552 tribus
750 3489 997 3574 Rachinburgiis
1021 3491 1056 3551 in
1079 3489 1200 3551 haraho
1223 3509 1301 3549 con·

192 3575 350 3636 iuraverit
372 3574 461 3657 quod
482 3575 625 3657 legitime
649 3576 810 3636 mannitus
837 3574 958 3651 fuerit,
981 3572 1168 3656 quindecim
1191 3569 1301 3634 solidis

178 3657 367 3741 culpabilis
388 3657 560 3719 iudicetur.

277 3739 334 3800 ΙΙΙ,
377 3740 474 3818 Quod
492 3740 519 3801 si
547 3740 588 3800 ad
612 3739 780 3823 septimum
810 3740 940 3800 mallum
969 3760 1034 3798 nou
1056 3738 1202 3815 venerit,
1223 3745 1300 3796 tunc

192 3822 274 3900 illc,
297 3823 354 3904 qui
383 3845 457 3884 eum
481 3822 624 3900 mannit,
655 3833 729 3884 unte
750 3823 899 3884 comitem
927 3844 1001 3884 eum
1020 3831 1143 3906 septem
1160 3817 1301 3880 Rachin·

189 3904 315 3989 burgiis
340 3907 374 3966 in
401 3905 521 3966 haraho
546 3905 652 3968 iurare
674 3915 714 3978 a)
743 3906 861 3983 debet,
883 3905 972 3989 quod
995 3911 1070 3966 eum
1093 3903 1133 3966 ad
1160 3901 1301 3966 strudem

207 4040 208 4046 =
262 4078 302 4144 w)
321 4081 404 4132 Goth.
424 4079 535 4131 Herold.
556 4088 584 4132 et
603 4079 680 4132 Lind.
707 4079 803 4132 arulae.
839 4079 882 4147 x)
903 4078 978 4130 Lind.
1001 4075 1193 4136 indellerold.
1213 4076 1245 4128 in
1263 4089 1302 4124 re,

188 4158 230 4232 y)
250 4151 316 4202 Met.
337 4158 365 4202 et
383 4148 510 4202 Corbion.
534 4151 706 4220 obsequium
755 4158 795 4218 z)
819 4149 896 4202 Lind.
922 4151 1017 4202 tenuit.
1073 4149 1110 4218 a)
1137 4143 1217 4200 liud.
1239 4161 1300 4208 conf

192 4236 297 4272 iurare.
408 4241 411 4250 ·
1272 4229 1277 4238 ·
