2900 5020
477 271 643 358 uo'icrun
661 269 884 358 rnrooanim
901 299 1008 356 nnsis
1146 378 1148 381 .
1218 282 1289 359 411
1369 313 1371 320 ·

174 469 244 525 vus,
267 453 322 506 aut
345 444 499 520 colonus,
522 442 549 506 si
574 463 592 502 a
626 453 729 526 patre,
751 443 803 504 vel
827 444 971 521 domino,
994 441 1197 525 in'qualibet
1220 446 1289 506 cul-

173 554 214 614 pa
241 550 306 588 non
331 529 550 590 defendantur
572 527 611 586 de
639 529 708 608 ipso
728 526 849 587 delicto
873 527 925 588 vel
953 526 1109 604 crimine,
1140 528 1289 589 tradendi

175 621 251 675 sunt
274 611 374 671 iudici
397 609 612 690 competenti:
634 611 695 671 nisi
720 611 802 670 forte
833 611 1055 690 filiusfamilias
1081 607 1148 691 ipse
1174 611 1290 672 defen-

175 697 253 758 dere
276 715 334 774 pro
359 691 589 772 delict0,'quo
614 692 798 774 impetitur,
822 693 855 753 in
879 693 1001 755 iudiclo
1022 715 1054 754 se
1077 693 1230 754 voluerit.
1320 697 1322 704 ’

259 774 408 840 CXXIX.
452 775 517 850 Qui
541 796 598 856 per
619 775 855 855 mendacium,
884 777 935 838 vel
961 776 1204 858 subreptionem
1235 776 1293 838 ali·

174 858 254 944 quid
277 857 514 938 impetraverit,
538 879 600 918 nec
620 858 680 939 ipsi
705 859 827 940 prosit,
850 879 912 919 nec
935 860 1072 919 alterum
1093 859 1210 925 laedat,

260 939 398 1002 CXXX.
440 940 537 1017 Quod
553 942 745 1023 promissum
762 941 860 1003 luisse
873 942 1066 1017 constiterit,
1079 952 1116 1003 ut
1138 944 1192 1003 fur
1206 963 1291 1003 com·
1317 951 1319 958 '

174 1023 407 1110 prehendatur,
430 1023 547 1084 merito
569 1024 715 1101 debetur,
738 1034 770 1085 et
791 1033 919 1104 oportet
941 1023 1073 1086 exsolvi.

188 1133 192 1143 ¹
257 1107 402 1167 CXXXI.
444 1105 511 1182 Qui
531 1106 570 1166 de
585 1107 695 1168 debito
709 1107 744 1167 in
761 1106 883 1168 iudicio
900 1107 1043 1168 convicti
1063 1106 1117 1169 vel
1138 1107 1291 1168 condem·

176 1190 243 1250 nati
270 1188 416 1265 fuerint,
438 1187 523 1248 intra
539 1188 789 1268 duos'menses,
812 1211 829 1249 a
850 1189 902 1250 die
924 1191 1006 1250 latae
1029 1191 1220 1267 sententiae,
1244 1212 1293 1251 so·
1342 1197 1345 1204 '

175 1275 335 1335 lotionem
355 1289 530 1352 procurare
555 1271 692 1334 debent:
714 1272 852 1354 quodsi
880 1294 945 1333 non
969 1273 1121 1350 fecerint,
1143 1295 1203 1355 per
1219 1295 1293 1334 auc·

174 1356 337 1418 toritateln
363 1354 497 1430 iudicis,
521 1353 561 1414 a'd
588 1355 657 1416 eius
679 1357 870 1436 petitionem
896 1357 952 1438 qui
975 1355 1101 1432 vincet,
1133 1355 1213 1438 capi¹
1231 1378 1291 1416 eo·

172 1458 250 1501 rum
275 1439 412 1520 pignora
446 1437 566 1498 debent
588 1448 620 1498 et
649 1438 809 1498 distrahi:
847 1448 884 1498 ut
909 1439 998 1521 quod
1019 1437 1182 1500 sententia
1204 1441 1290 1502 iuste

174 1523 239 1583 lata
264 1519 450 1598 constituit,
472 1516 571 1597 possit
592 1520 731 1602 impleri.

189 1655 193 1660 ,
258 1603 414 1664 CXXXII.
455 1601 521 1678 Qui
541 1623 703 1684 possessor
723 1603 764 1664 ad
784 1603 941 1664 iudiciuin
964 1602 1145 1680 venit,'nou
1168 1615 1217 1666 est
1235 1627 1293 1666 co-

10 1707 11 1728 i
87 1737 89 1740 .
175 1686 299 1770 gendos
322 1686 431 1747 dicere
454 1684 541 1744 uude
568 1693 678 1762 tenet,
713 1707 773 1748 nec
802 1708 885 1748 onus
912 1688 942 1748 ei
965 1686 1062 1748 debet
1091 1687 1290 1768 probationis

181 1769 308 1851 mponi:
331 1766 408 1848 quia
428 1765 491 1835 hoc
506 1770 605 1848 magis
627 1768 774 1850 petitoris
792 1769 951 1844 officium,
975 1778 1011 1831 ut
1031 1792 1100 1831 rem
1120 1791 1217 1854 quam
1236 1787 1288 1832 re'·

174 1852 268 1937 petit,
293 1850 408 1911 doceat
429 1849 523 1910 adse
546 1852 721 1930 pertinere.
1079 1914 1084 1923 ,

258 1931 446 1994 CXXXIII.
488 1933 620 2011 Mulier,
643 1931 764 1995 etiamsi
787 1937 848 2014 per
867 1935 1052 1997 cautionem
1072 1936 1217 1998 alienum
1238 1933 1292 1996 de·

174 2016 280 2078 bitum
303 2036 336 2076 se
361 2015 761 2098 redditurumspondcat,
785 2037 851 2076 nou
874 2027 1012 2085 tenetur.

260 2097 439 2164 CXXXIV.
482 2097 616 2160 Ainittat
640 2110 759 2160 sortem
789 2095 890 2160 debiti
921 2102 1085 2180 creditor,
1119 2102 1177 2184 qui
1206 2099 1292 2160 ultra

175 2181 352 2265 legitimam
380 2180 587 2242 centesimam
615 2182 790 2243 crediderit
817 2203 834 2240 a
863 2183 1008 2245 debitore
1040 2184 1253 2267 poscendum.

263 2264 412 2325 CXXXV.
454 2263 643 2325 Fideiussor
663 2265 720 2345 qui
743 2263 934 2328 redimendo
959 2267 1095 2349 pignora
1115 2268 1185 2328 eius
1205 2265 1295 2327 debi-

179 2346 279 2423 toris,
299 2369 358 2426 pro
383 2345 565 2427 quotidem
586 2347 730 2426 dixerat,
766 2369 783 2406 a
806 2350 966 2411 creditore
993 2351 1162 2425 liberavit,
1186 2350 1294 2410 obluta

177 2429 240 2490 sibi
263 2430 370 2490 debita
391 2429 541 2509 pecunia,
564 2431 734 2492 restituere
754 2431 890 2513 pignora
912 2432 1048 2494 debitori
1071 2433 1294 2514 compellatur.

263 2511 442 2573 CXXXVI.
486 2511 519 2570 si
543 2513 713 2595 quisquam
735 2535 804 2574 rem
825 2535 914 2575 suam
934 2515 1080 2578 nesciens
1103 2537 1294 2596 apossesso-
1317 2509 1322 2518 ’

176 2617 212 2657 re
235 2593 438 2671 conduxerit,
461 2593 547 2656 nihil
568 2595 630 2658 sibi
653 2596 869 2679 praeiudicat:
891 2599 948 2661 sed
965 2598 1004 2659 de
1022 2599 1220 2683 proprietate
1242 2600 1295 2682 ip-

178 2679 243 2740 sius
267 2698 360 2758 agere
384 2677 512 2757 poterit.

262 2758 468 2822 CXXXVII.
510 2759 543 2819 Si
578 2760 651 2842 quis
678 2761 826 2824 nesciens
848 2763 987 2823 alienam
1010 2785 1115 2824 aream
1138 2783 1217 2840 esse,
1239 2784 1296 2823 ae-

179 2841 322 2902 dilicium
351 2842 384 2898 in
408 2863 445 2901 ea
468 2843 706 2922 construxerit,
727 2855 875 2928 sumptus
905 2868 986 2928 quos
1009 2847 1107 2923 fecit,
1137 2846 1294 2930 recipiat:

144 2937 150 2954 ⁸
178 2924 235 2986 sed
257 2923 397 2997 amittat,
420 2946 517 3005 quam
540 2926 573 2985 in
600 2927 668 2986 solo
695 2928 801 2988 alieno
822 2931 943 2989 fecerat
969 2929 1178 2998 mansionem.

262 3005 477 3069 CXXXVIII.
520 3007 553 3066 Si
574 3031 638 3068 una
660 3029 710 3070 res
738 3033 755 3069 a
780 3011 905 3074 duobus
930 3013 1128 3093 temporibus
1159 3009 1305 3092 diversis,

179 3099 391 3171 comparetur,
416 3089 472 3148 ille
495 3091 602 3170 potior
623 3091 701 3170 erit,
725 3101 756 3153 et
779 3093 958 3155 dominium
983 3095 1052 3156 eius
1071 3097 1170 3178 magis
1186 3093 1298 3176 acqui-

178 3183 246 3250 ret,
270 3171 323 3231 cui
352 3171 500 3230 traditam
526 3173 625 3234 fuisse
652 3175 815 3241 claruerit.

229 3312 231 3316 ,
263 3255 434 3314 CXXXIX.
476 3254 599 3315 Auctor
622 3258 837 3337 venditionis,
861 3259 984 3320 etiamsi
1005 3261 1214 3345 privilegium
1235 3260 1296 3320 ba-

178 3337 252 3396 beat
273 3335 322 3398 sui
348 3335 485 3414 iudicis,
515 3347 620 3398 tamen
649 3338 842 3426 defensurus
869 3343 1093 3406 venditionem
1115 3366 1222 3422 suam,
1244 3343 1297 3403 fo·

178 3441 251 3479 rum
273 3429 426 3497 sequatur
450 3422 611 3500 emptoris.
1107 3445 1109 3449 ’

262 3502 358 3560 CXL.
402 3501 466 3578 Qui
486 3503 525 3561 de
549 3525 583 3564 re
603 3515 783 3586 comparata
803 3507 975 3588 pertulerit
996 3508 1230 3591 quaestionem,
1251 3508 1298 3590 ip·

180 3605 212 3645 se
240 3582 371 3666 petitori
396 3586 593 3666 respondere
616 3591 839 3670 compellitur,
862 3611 923 3650 nec
948 3595 985 3652 all
1014 3603 1179 3651 auctorem
1202 3614 1298 3653 suum

177 3673 417 3748 proponentem
440 3669 587 3750 repellit:
609 3690 705 3751 quem
733 3680 862 3734 necesse
889 3681 935 3733 est
958 3674 997 3733 ad
1021 3675 1083 3735 hoc
1106 3685 1231 3734 tantum
1253 3675 1299 3755 ip·

179 3770 213 3809 se
236 3757 456 3825 commoneat,
479 3760 515 3824 ut
539 3753 659 3812 factum
681 3776 773 3814 suurn
797 3755 829 3813 in
858 3755 1108 3838 iudicationes)
1134 3757 1297 3822 defendat.

263 3832 373 3890 CXLI.
415 3833 613 3915 Quicunque
630 3836 742 3919 fugere
764 3837 895 3899 solitum
918 3840 1103 3901 vendiderit
1123 3840 1298 3921 ignoranti,

180 3911 206 3972 si
228 3921 405 3992 emptorem
431 3935 561 3996 quoque
587 3917 729 4000 fugerit,
762 3931 793 3981 et
823 3919 963 4002 pretium
990 3922 1142 3985 venditor
1162 3924 1296 4000 reddat,

10 4011 11 4026 ¹
71 4003 85 4064 Γ
181 4004 214 4055 ct
234 3995 350 4066 damna
369 3998 498 4076 sarciat,
522 4020 604 4081 quae
625 4023 684 4085 per
696 4004 848 4066 ”eundem
873 4005 1068 4090 contigerint
1092 4005 1275 4089 fugitIvum.

241 4259 280 4332 s)
297 4261 337 4313 ill.
357 4261 387 4312 in
406 4263 551 4319 inditione.
