2900 5020
178 231 252 304 406
450 245 619 302 snicrun
636 245 863 302 rnnouanrn
883 247 986 304 src1s

179 388 301 453 lentiae
332 405 469 470 poenam
489 395 638 466 retento,
674 407 809 470 pervasa
831 387 1031 466 reddantur,
1068 388 1170 453 servis
1197 388 1301 452 nibil·

136 495 145 514 ‘
180 473 308 536 ominus
333 479 477 532 extremo
495 470 654 552 supplicio
672 471 866 552 puniendis,
898 472 925 532 si
954 471 1143 535 violentiam
1166 493 1220 535 eos
1239 496 1298 535 sua
1328 521 1331 526 .

180 557 361 621 temeritate
382 553 574 614 commisisse
604 553 767 617 claruerit.

256 634 436 698 LXXVIII.
453 627 455 636 ’
477 635 543 714 Qui
564 634 743 717 ingenuum
762 632 951 716 plagiando,
974 634 1008 697 id
1023 646 1070 697 est
1079 637 1299 716 sollicitando,

180 722 216 782 in
238 721 300 781 alia
323 720 394 780 loca
419 719 610 780 translatum
636 727 690 778 aut
715 717 917 795 vendiderit,
948 727 1004 778 aut
1027 720 1215 801 donaverit,
1243 722 1299 786 vel

181 826 240 865 suo
263 809 349 864 certe
375 801 508 864 servitio
529 799 762 863 vindicandum
781 801 976 879 crediderit,
1009 803 1185 865 occidatur.

266 883 415 947 LXXIX.
456 882 523 962 Qui
545 884 722 965 ingenuum
753 882 786 941 iu
809 883 965 945 servitute
992 893 1098 963 tenet,
1130 906 1192 946 uec
1216 906 1300 947 cou-

183 969 301 1032 ditioni
322 976 428 1049 potest
448 967 625 1028 obnoxium
647 966 873 1058 comprobare,
897 975 931 1028 et
953 967 1134 1029 calumniae
1155 979 1188 1030 et
1205 967 1300 1029 iniu-

183 1055 305 1114 riarum
334 1071 408 1112 reus
432 1058 583 1110 teneatur
615 1049 795 1109 adstrictus.

199 1163 204 1172 ·
265 1131 399 1204 LXXX.
441 1133 508 1212 Qui
540 1131 738 1214 mancipium
775 1131 921 1192 alienum
953 1131 1194 1212 sollicitaverit,
1231 1143 1298 1197 tres

182 1216 432 1278 alios‘eiusdem
458 1215 583 1293 meriti,
624 1223 656 1275 et
681 1215 786 1296 ipsum
817 1213 950 1275 domino
971 1236 1046 1276 cum
1073 1216 1203 1298 peculio
1237 1239 1297 1281 suo

180 1299 304 1362 reddat.
347 1299 445 1375 Quod
465 1298 492 1359 si
513 1298 586 1380 quis
608 1319 625 1356 a
649 1297 795 1379 quolibet
817 1297 902 1357 bona
929 1297 992 1358 fide
1014 1299 1206 1380 suscipitur,
1228 1323 1296 1382 quo

181 1403 215 1444 se
235 1383 321 1442 dicat
342 1379 539 1466 ingenuum,
569 1380 775 1461 suscipientis
795 1379 876 1440 haec
892 1379 988 1441 debet
1010 1395 1078 1442 csse
1099 1383 1242 1459 cautela,
1259 1391 1298 1443 ut

182 1487 257 1525 eum
281 1465 377 1525 ducat
395 1465 435 1526 ad
458 1475 561 1545 gesta,
591 1471 676 1523 etse
703 1462 894 1544 profiteatur
916 1463 1113 1545 ingenuum:
1141 1486 1207 1545 quo
1232 1467 1298 1526 sac-

182 1557 236 1624 to,
264 1546 341 1606 dum
364 1546 535 1628 a'domino
559 1567 670 1606 servus
695 1555 751 1605 aut
776 1543 970 1627 originarius
991 1547 1171 1627 postulatus
1196 1549 1297 1608 fuerit

183 1638 215 1692 et
246 1629 415 1711 probatus,
437 1630 525 1691 solus
555 1629 818 1698 sineretinentis
842 1628 1104 1689 incommoditate
1130 1630 1295 1691 reddatur.

194 1749 196 1754 ·
264 1711 414 1775 LXXXI.
455 1712 488 1771 Si
515 1711 588 1793 quis
610 1710 757 1771 nesciens
779 1734 795 1770 a
822 1711 999 1792 plagiatore
1026 1711 1187 1794 mancipia
1205 1735 1296 1774 com-

182 1794 362 1878 paraverit,
383 1802 476 1856 reutu
496 1794 595 1876 plagii
621 1815 686 1853 non
710 1802 814 1874 potest
835 1793 981 1875 obligari.

264 1875 424 1943 LXXXII.
465 1878 500 1939 si
525 1869 687 1957 ingenuus
714 1874 928 1953 distrahatur,
970 1877 1099 1938 nullum
1126 1875 1296 1958 praeiudi-

179 1959 267 2020 cium
287 1959 337 2021 sui
360 1969 460 2020 status
481 1958 639 2034 incurrit,
671 1955 734 2019 nisi
761 1960 845 2019 forte
867 1959 1003 2050 tacendo
1023 1961 1063 2022 de
1091 1960 1295 2042 ingenuitate

179 2065 255 2119 sua,
278 2042 429 2123 emptoris
451 2041 664 2123 ignorantiam
681 2041 783 2100 maior
803 2049 905 2101 aetate
920 2041 1178 2104 circumvenerit.
1212 2043 1296 2102 Nam

182 2126 221 2184 de
243 2124 357 2207 plagio·
377 2125 545 2186 adversum
568 2123 773 2185 venditorem
793 2146 852 2207 pro
879 2124 1069 2187 defensione
1092 2125 1144 2187 vel
1172 2123 1295 2184 iniuria

180 2228 238 2266 sna
265 2227 359 2289 agere
389 2207 511 2288 potuit:
549 2205 611 2266 nisi
632 2207 794 2287 pretium,
827 2206 916 2288 quod
940 2229 1000 2289 pro
1028 2229 1066 2269 eo
1091 2208 1201 2268 datum
1221 2208 1293 2268 fue·

179 2289 241 2363 rit,
271 2311 346 2349 cum
367 2311 426 2349 suo
450 2289 591 2350 volucrit
611 2288 780 2352 venditore
806 2289 930 2372 partiri.'
972 2292 1066 2352 Tunc
1090 2289 1178 2350 enim
1204 2311 1295 2371 prae-

180 2370 338 2430 iudicium
363 2372 560 2433 conditionis
581 2371 742 2450 incurret,
775 2373 863 2454 quod
883 2371 943 2432 sibi
964 2371 1031 2456 ipse
1060 2372 1293 2435 dissimulando

178 2463 211 2513 et
235 2453 467 2514 consentiendo
492 2454 628 2535 peperit.

257 2535 440 2597 LXXXIII.
482 2537 547 2614 Qui
590 2536 770 2618 ingenuum
818 2535 1015 2614 celaverint,
1064 2534 1292 2613 vendiderint,

176 2617 228 2680 vel
259 2619 397 2680 scientes
431 2620 704 2701 comparaverint,
747 2617 937 2680 humiliores
970 2619 1109 2680 fustibus
1139 2617 1222 2679 caesi
1255 2619 1292 2676 i'n

172 2712 367 2783 perpetuum
403 2701 586 2783 dirigantur
612 2701 746 2762 exilium
755 2725 763 2773 ;
792 2699 1013 2780 honestiores,
1037 2701 1208 2763 confiscata
1224 2708 1293 2759 ter·

172 2785 216 2844 tia
243 2793 332 2864 parte
353 2784 513 2845 bonorum
542 2803 694 2862 suorum,
723 2804 862 2867 poenam
889 2785 1051 2866 patiantur
1074 2782 1291 2845 nihilominus

170 2865 425 2950 quinquennalis
456 2867 559 2928 exilii.
735 2879 737 2888 ⁴

253 2948 428 3012 LXXXIV.
477 2947 633 3029 Quisquis
663 2969 810 3024 servum,
849 2946 917 3008 sive
943 2947 1096 3010 colonum
1124 2949 1294 3024 alienum,

172 3031 277 3092 sciens
299 3031 472 3114 fugitivum
493 3030 688 3112 susceperit,
724 3039 779 3089 aut
805 3031 1035 3108 occultaverit,
1060 3033 1164 3115 ipsum
1185 3031 1294 3092 domi-

173 3135 217 3174 no
259 3135 332 3175 cnm
361 3114 563 3175 mercedibus
593 3122 625 3172 et
653 3113 782 3192 peculio
818 3112 906 3190 eius,
954 3121 986 3171 et
1019 3114 1162 3176 eiusdem
1184 3112 1293 3174 meriti

170 3196 309 3256 alterum
329 3196 452 3262 reddat.
496 3194 640 3273 Quodsi
665 3195 808 3256 secundo
832 3205 887 3254 aut
912 3195 1019 3254 tertioI
1038 3198 1180 3258 eundem
1201 3196 1292 3277 fngi-

172 3278 276 3340 tivum
300 3277 385 3338 idem
403 3278 488 3360 apud
508 3298 606 3359 quem
627 3278 751 3353 fuerat,
777 3277 1019 3359 suscipiendum
1043 3300 1109 3341 esse
1141 3280 1292 3341 credide-

173 3360 236 3438 rit,
279 3368 407 3442 praeter
439 3361 544 3440 ipsum
573 3380 646 3419 cum
685 3360 908 3436 mercedibus,
945 3369 1010 3421 tres
1043 3361 1123 3424 alios
1158 3361 1290 3423 domino

173 3443 242 3503 eius
275 3443 388 3509 tradat.
437 3442 636 3524 Mancipium
670 3450 776 3500 tamen
807 3442 928 3523 ipsum,
968 3463 1010 3502 ne
1045 3445 1128 3505 forte
1160 3454 1294 3527 propter

176 3525 370 3606 capiendum
394 3525 522 3586 lucrum
551 3525 668 3586 callide
693 3534 726 3585 et
753 3525 862 3586 dolose
888 3547 906 3584 a
929 3525 1061 3586 domino
1089 3527 1129 3587 ad
1162 3529 1294 3588 domum

176 3607 268 3684 eius,
307 3607 364 3688 qui
390 3617 591 3690 susceperat,
633 3608 808 3669 immissum
838 3608 956 3684 fuerit,
992 3619 1121 3688 oportet
1154 3610 1187 3669 in
1215 3631 1294 3670 exa-

173 3690 353 3750 minatione
378 3690 541 3770 torqueri:
575 3699 610 3750 ut
637 3689 662 3750 si
687 3711 745 3769 per
765 3689 1050 3773 interrogationem
1075 3693 1108 3750 in
1128 3693 1293 3773 quaestio-

173 3791 249 3831 nem
265 3772 360 3855 positi
378 3772 557 3834 constiterit
574 3795 591 3832 a
611 3772 742 3832 domino
764 3795 823 3833 sno
840 3775 880 3834 ad
897 3775 1026 3834 domurn
1054 3775 1186 3836 alterins
1206 3776 1294 3834 frau-

173 3854 327 3916 dulenter
367 3855 559 3932 immissum,
595 3855 664 3916 fisci
700 3856 847 3936 protinus
869 3856 1068 3936 compendiis
1102 3858 1294 3940 adplicetur.

258 3936 425 4002 LXXXV.
470 3939 585 3998 Servos
615 3937 804 3999 sollicitatos
824 3938 862 3997 ab
888 3941 988 3999 altero
1015 3940 1066 4000 vel
1086 3942 1174 4000 furto
1203 3939 1294 3998 abla-

175 4031 243 4096 tos,
265 4021 291 4080 si
306 4021 448 4081 scientes
467 4018 523 4080 alii
545 4029 775 4101 susceperunt,
799 4041 864 4080 non
883 4030 1007 4080 tantum
1029 4022 1068 4082 de
1096 4022 1146 4084 his
1165 4043 1297 4103 suscep-

176 4104 215 4161 tis
237 4103 406 4164 conveniri
434 4111 467 4164 et
493 4124 547 4163 eos
565 4103 702 4163 reddere
733 4103 869 4182 debent,
899 4105 955 4167 sed
988 4105 1086 4165 ctiam
1113 4105 1154 4165 ad
1176 4126 1296 4188 poena-

175 4186 240 4245 lem
267 4185 430 4247 actionem
460 4186 541 4246 furti
562 4184 729 4248 detinendi
760 4195 865 4246 sunt·
