2900 5020
383 292 488 350 tants
503 289 792 348 aunannuronuu
806 291 881 350 rar.
900 294 1001 349 xuu.
1169 270 1244 350 sta

226 432 271 498 ll.
312 431 409 510 Quod
435 431 462 493 si
490 453 601 494 servus
625 433 694 494 boc·
720 431 860 496 fortassis
891 441 946 494 aut
975 433 1093 494 ancilla
1127 434 1244 498 absens

143 519 230 580 tibus
249 515 388 578 dominis
416 514 724 596 suisssprobibuerit,
745 517 814 600 ipsa
835 517 892 599 qui
915 515 1097 600 prohibuit,
1111 517 1243 603 legibus

143 623 202 684 pro
227 600 299 660 fure
318 605 468 658 teneatur
489 599 646 659 obnoxius
666 604 713 676 m).
1234 633 1240 642 -

223 681 283 746 lll.
324 680 358 745 si
382 700 456 740 vero
482 680 603 762 regius
621 681 778 759 extiterit,
799 691 836 742 et
853 683 1032 765 vegiaturas
1046 686 1094 762 y)
1114 704 1245 766 accepaa

142 765 208 842 rit,
238 773 270 824 et
294 763 320 824 is
341 761 394 823 cui
415 761 536 823 iudicat
558 763 706 826 invenire
728 786 794 826 uon
816 767 968 848 potuerit,
989 767 1245 851 tartumchnad

144 870 178 910 se
199 845 337 931 perdere¹
356 845 571 936 mentiebatur
589 854 629 922 z)
650 847 752 911 soluat
773 848 807 908 ia
832 848 991 932 simplum.
1047 889 1049 894 -

146 1003 236 1072 Ttr.
260 999 384 1073 XVII.
433 999 492 1071 De
516 1000 647 1072 caussis
677 997 758 1069 aliis
789 1010 826 1070 et
859 981 1159 1098 calumniatorum
1183 1023 1244 1072 rer·

543 1115 546 1120 ·
605 1101 778 1168 motinus.

228 1229 253 1293 1.
296 1227 416 1311 Omnes
438 1225 570 1288 omuino
599 1246 746 1303 caussae,
780 1245 862 1308 quae
884 1223 969 1288 inter
998 1218 1244 1310 Burgundiones

146 1311 272 1376 habitae
293 1319 377 1388 suut,
400 1317 431 1370 et
452 1331 519 1371 nou
540 1318 614 1370 suut
632 1307 759 1386 finitae,
780 1329 883 1390 usqua
903 1311 943 1374 ad
963 1301 1105 1396 pugnam
1124 1309 1246 1390 Mauri-

148 1415 292 1458 accnsem
312 1392 490 1453 habeantur
510 1391 657 1456 abolitae.

159 1544 163 1548 ,
230 1475 275 1541 ΙΙ.
318 1473 444 1560 siquis
465 1495 541 1538 sana
561 1497 691 1562 servum
710 1497 806 1538 suum
824 1483 880 1536 aut
905 1469 1055 1536 ancillam
1083 1496 1246 1558 coguove-

147 1559 190 1623 rit
223 1559 289 1620 reci
316 1561 369 1620 iat.
814 1575 817 1584 ¹
1225 1622 1240 1631 ..

191 1605 201 1643 ²
230 1583 312 1706 III.p
332 1643 396 1704 Pro
418 1637 547 1702 homine
566 1639 707 1724 ingenuo
724 1641 814 1724 prius
833 1639 938 1702 occiso
959 1640 1028 1702 XX.
1051 1649 1174 1702 tantum
1193 1636 1242 1713 sos

148 1719 209 1784 lidi
230 1724 423 1798 inferantur,
444 1730 477 1784 et
495 1722 597 1784 omnis
615 1723 764 1804 repetitio
785 1723 1000 1808 conquiescat.

230 1808 286 1870 IV.
328 1805 415 1866 lllud
432 1812 565 1888 quoque
575 1805 755 1888 specialiter
775 1807 922 1870 volamus
939 1805 1103 1884 custodiri,
1125 1815 1161 1867 ut
1178 1805 1249 1888 qui·

150 1908 279 1970 cunque
304 1887 494 1970 Burgundio
522 1889 562 1948 de
583 1909 775 1970 quacunque
798 1911 891 1951 causa
912 1890 951 1950 ab
973 1910 1028 1967 eo,
1056 1889 1113 1970 qui
1135 1888 1185 1949 illi
1206 1891 1245 1950 li·
1275 1923 1276 1928 κ

150 1980 216 2031 tem
237 1971 392 2048 intendit,
419 1969 468 2030 bis
489 1969 667 2031 admonitus
688 1971 809 2050 fuerit,
839 1981 875 2032 ut
896 1972 969 2034 dato
990 1971 1175 2033 fideiussore
1205 1973 1247 2034 ad

151 2053 307 2114 iudicium
328 2051 446 2129 veniat,
468 2063 502 2114 et
531 2051 557 2114 si
586 2073 646 2114 nec
674 2052 892 2116 fideiussorem
915 2054 1000 2132 dare,
1019 2075 1079 2114 nec
1101 2054 1140 2115 ad
1167 2054 1250 2116 iudi-

151 2136 238 2197 cium
258 2136 370 2198 venire
391 2134 552 2197 voluerit:
579 2145 674 2218 atque
695 2136 757 2197 hoc
784 2137 903 2197 factum
924 2137 1048 2198 duobus
1070 2147 1125 2196 aut
1145 2137 1247 2200 tribus

151 2218 301 2302 ingenuis
321 2217 454 2279 testibus
475 2225 509 2292 a)
532 2217 673 2301 potuerit
693 2219 872 2300 adprobari,
894 2219 1011 2280 inferat
1032 2219 1170 2280 mulctae
1194 2242 1250 2280 no·

150 2303 237 2364 mine
264 2303 322 2365 sol.
342 2301 399 2366 Vt.
430 2309 462 2363 et
483 2299 524 2362 ad
548 2300 705 2363 iudicium
732 2299 942 2364 nihilominus
971 2301 1082 2364 venire
1105 2303 1248 2386 compel-

151 2387 245 2451 latur.
437 2439 438 2444 ,

230 2469 272 2532 V.
314 2469 388 2546 Qua
418 2465 604 2528 conditione
630 2468 789 2527 Romanus
820 2462 1009 2548 ingenuus,
1040 2466 1097 2548 qui
1121 2487 1248 2529 causam

151 2573 225 2612 cum
248 2549 386 2610 Barbare
409 2547 576 2629 habuerit,
602 2561 657 2610 aut
681 2548 847 2610 dominum
866 2547 1034 2609 admoueat
1058 2559 1114 2610 aut
1139 2561 1251 2616 (acto-

150 2655 230 2695 rem.
269 2633 357 2694 Etsi
381 2641 469 2692 actor
485 2634 518 2710 b)
540 2633 654 2693 iterato
670 2639 704 2702 e)
725 2629 906 2690 admonitus
929 2630 968 2690 ad
989 2653 1129 2692 caussam
1143 2632 1252 2700 dicen-

152 2717 225 2776 dam
248 2737 307 2797 pro
333 2713 506 2797 originario
524 2715 586 2779 sibi
607 2714 770 2778 commisso
792 2733 857 2773 non
881 2714 1017 2791 venerit,
1039 2724 1169 2784 centum
1188 2713 1252 2777 fus·

155 2806 202 2860 tes
224 2796 369 2879 accipiat.

228 2914 317 2984 Ttr.
343 2913 484 3007 XVIII.
535 2915 595 2986 De
628 2916 698 2986 his-
717 2937 808 3008 quae
833 2937 918 2984 casu
950 2915 1177 3021 contigerint.

236 3041 263 3104 l.
305 3041 339 3102 Si
360 3042 577 3125 quodcunque
603 3043 719 3105 animal
749 3041 894 3126 quolibet
925 3063 1020 3122 casu,
1053 3051 1108 3104 ant
1130 3064 1254 3106 morsus
1336 3067 1339 3075 ¹

155 3124 243 3186 canis
264 3124 387 3184 homini
414 3135 549 3185 mortem
577 3126 739 3205 intulerit,
770 3125 915 3196 iubemus
942 3127 1037 3186 etiam
1065 3125 1151 3186 inter
1170 3126 1254 3187 Bur-

155 3208 332 3290 gundiones
359 3208 522 3290 antiquam
546 3209 662 3270 exinde
685 3210 723 3282 d)
748 3207 938 3269 calumniam
959 3208 1140 3270 removerit
1175 3207 1253 3292 quia

154 3291 242 3370 quod
263 3311 352 3350 casus
373 3285 526 3374 operatur
547 3285 611 3350 nou
642 3292 735 3352 debet
763 3291 803 3352 ad
824 3291 974 3352 damnum
1005 3299 1059 3350 aut
1086 3289 1254 3374 inquietu-

157 3372 267 3434 dinem
298 3371 437 3434 hominis
464 3372 635 3455 pertinere.
677 3374 725 3434 Ita
752 3380 789 3432 ut
820 3373 846 3434 si
873 3373 911 3434 de
936 3372 1125 3434 animalibus
1146 3373 1275 3436 subito

157 3455 298 3516 caballus
322 3456 481 3516 caballum
501 3455 668 3534 occiderit,
690 3465 744 3515 aut
763 3455 819 3517 bos
837 3453 951 3517 bovem
970 3453 1178 3538 percusserit,
1200 3465 1255 3516 aut

156 3535 245 3599 canis
274 3537 499 3614 momorderit,
536 3539 788 3614 atdebilitetur‚
810 3539 921 3619 (ipsum
943 3539 1060 3598 animal
1079 3547 1133 3598 aut
1153 3537 1254 3616 canis,

155 3640 216 3703 per
242 3640 339 3701 quem
381 3621 532 3680 damnum
561 3622 692 3686 videtur
720 3620 900 3700 admissum,
919 3621 1062 3684 tradatur
1100 3619 1167 3701 illi,
1197 3621 1255 3706 qui
1326 3629 1327 3632 ’

158 3703 310 3763 damnum
336 3703 469 3786 pertulit
497 3711 541 3776 e).

159 3844 232 3858 ψ

192 3903 226 3962 a)
243 3896 285 3949 At.
303 3915 364 3950 mss.
382 3899 505 3950 addunt:
524 3901 564 3950 itu
583 3909 613 3952 ut
629 3898 833 3969 inquisitionem
850 3907 886 3950 'ne
908 3898 1018 3950 mulieri
1035 3901 1119 3952 liceat
1136 3897 1256 3969 denega-

152 3977 196 4016 re.
263 3963 296 4034 y)
313 3967 354 4018 Al.
378 3987 425 4020 ms.
449 3982 605 4022 venaturus.
641 3969 750 4020 Herold.
776 3969 916 4038 rigaturus
943 3970 1014 4020 vias.
1084 3973 1119 4027 a)
1142 3967 1257 4024 Herold.

159 4034 234 4104 qued
256 4035 373 4105 prodere
397 4041 535 4092 mentitur.
603 4041 639 4106 a)
663 4037 772 4091 Herold.
798 4039 884 4090 tribus
908 4041 1026 4092 testibus.
1096 4039 1124 4109 b)
1140 4039 1182 4091 Al.
1206 4057 1256 4092 ms.

158 4117 305 4158 auctorem.
340 4107 379 4158 Et
395 4109 421 4159 si
437 4122 542 4161 auctor.
612 4109 638 4180 c)
654 4111 695 4163 tl.
714 4127 773 4162 mss.
793 4121 845 4164 ter.
914 4105 944 4176 d)
962 4111 1070 4162 Her-old.
1090 4127 1193 4164 omnem
1212 4111 1257 4160 in-

159 4172 200 4226 da.
277 4177 304 4246 e)
320 4177 429 4230 Herold.
448 4181 639 4252 qualecunque
656 4180 763 4234 animal
780 4181 1060 4248 attemperantur,
1086 4192 1136 4234 ortt
1159 4178 1258 4238 debili·

159 4256 214 4306 tat,
239 4265 290 4316 pro
313 4260 418 4304 mortuo
433 4251 480 4305 vel
501 4247 586 4306 debili
607 4249 743 4310 trudatur.
1197 4285 1199 4292 ι
