2900 5020
159 213 235 295 408
452 229 859 290 anseranrnaonaner
879 232 984 290 arms
1083 243 1085 250 ’

161 371 362 462 originarius
380 374 499 453 fuerit,
530 373 682 437 incendio
703 384 943 436 concremetur:
975 375 1002 437 si
1025 374 1187 458 ingenuus
1211 372 1276 438 h'oc

158 460 296 532 feeerit,
331 457 477 518 restituat
512 457 672 540 quidquid
699 457 1051 536 dispendii'acniderit
1076 479 1136 540 per
1170 458 1275 537 illud,

159 542 249 624 qnod
265 539 456 616 commovit,
478 539 681 611 incendium;
701 539 945 622 aediliciumqne
957 550 1112 619 renovet,
1136 549 1167 601 et
1184 541 1277 600 aesti-

158 623 333 685 mationem
353 623 486 704 insuper
506 631 767 704 consumptarum
788 644 896 682 rerum
920 645 978 706 pro
997 645 1102 707 poena
1122 623 1196 683 talis
1212 625 1277 684 fac·

158 708 185 768 ti
209 715 342 790 cogatur
363 705 546 778 exsolvere;
576 715 631 765 aut
657 706 683 766 si
704 704 767 765 hoc
786 705 944 767 sustinere
966 729 1025 789 pro
1045 706 1202 767 tenuitate
1221 727 1276 767 ne·

159 790 321 873 quiverit,
341 787 479 848 fustibus
491 809 601 849 caesus
615 789 765 870 perpetui
781 786 872 848 exilii
884 790 952 850 rele
977 789 1084 850 atione
1101 790 1271 871 plectatur,

241 869 392 934 XCVlll.
433 871 484 930 Ex
514 891 552 931 eo
580 892 657 932 vero
684 870 855 946 incendio,
885 812 975 952 quod
1004 872 1131 933 incaute
1160 892 1274 932 servus
1315 902 1319 917 ·

158 963 214 1016 ant
242 955 377 1015 colonus
404 952 438 1012 in
470 951 592 1014 domini
622 951 671 1012 sai
707 973 783 1034 agro
805 954 977 1038 supponit,
1010 954 1037 1015 si
1064 953 1166 1014 vieini
1185 953 1272 1014 forte

157 1037 288 1098 arborea
310 1035 501 1118 frugiferas,
524 1044 578 1094 aut
596 1034 705 1114 silvas,
737 1035 865 1113 vineta,
887 1038 940 1097 vel
960 1046 1098 1118 segetem
1120 1033 1269 1112 laeserit,

156 1121 224 1180 sive
243 1119 333 1179 aliud
354 1117 522 1198 quodlibet
544 1117 749 1200 dispendium
771 1118 941 1195 adtulerit,
972 1129 1028 1179 aut
1047 1116 1270 1180 aestimatione

155 1200 264 1262 habita
287 1201 435 1276 dominus
462 1201 548 1278 eius,
571 1221 630 1282 per
653 1223 752 1283 quem
778 1199 888 1262 vicino
909 1202 1061 1262 damnum
1084 1199 1270 1281 continget,

155 1285 270 1346 sarciat
298 1292 394 1366 atque
420 1291 621 1364 compensati
650 1292 706 1343 aut
732 1284 836 1364 ipsum
859 1283 916 1364 qui
946 1283 1054 1366 ignem
1081 1282 1269 1362 supposuit,

157 1367 183 1427 si
212 1367 275 1427 hoe
302 1365 402 1449 magis
434 1364 586 1449 elegerit,
621 1387 681 1448 pro
715 1365 792 1428 facti
820 1365 916 1448 culpa
946 1365 1049 1427 tr'adat
1074 1364 1174 1428 iudici
1206 1386 1270 1448 pu-

157 1448 324 1510 niendum.
720 1487 723 1494 ι

238 1531 356 1597 XCIX.
398 1530 463 1610 Qui
482 1527 649 1590 bominem
674 1529 744 1593 sine
765 1529 948 1607 audientia,
970 1541 1001 1592 et
1018 1531 1088 1592 sine
1112 1539 1269 1612 potestate

139 1611 210 1674 ,vel
234 1613 458 1674 iurisdictione
485 1612 601 1674 iudicis
625 1614 851 1697 competentis,
882 1614 1041 1678 immerito
1063 1613 1193 1674 iusserit
1214 1613 1268 1675 vel

154 1696 291 1757 suaserit
314 1696 435 1774 occidi,
457 1705 609 1778 tanquam
632 1717 709 1757 rens
731 1695 898 1757 homicidii
926 1696 1100 1761 occidatur.

237 1779 274 1839 C.
316 1780 437 1840 Servus
464 1777 588 1838 alienus
616 1779 648 1838 in
674 1779 806 1840 alterius
831 1789 926 1860 eaput
953 1779 1098 1860 torqueri
1121 1799 1186 1839 non
1208 1800 1270 1860 po-

153 1868 232 1922 test:
269 1858 332 1922 nisi
364 1861 506 1938 delator,
544 1868 600 1920 aut
632 1871 815 1939 accusator,
843 1861 935 1923 cuins
969 1861 1105 1934 interest
1130 1861 1268 1940 probare

153 1943 243 2025 quod
265 1943 424 2021 intendit,
453 1943 595 2025 pretinm
621 1944 710 2022 eius,
732 1954 892 2027 quantum
918 1944 1068 2006 dominus
1097 1943 1268 2022 taxaverit,

155 2026 279 2086 inferre
307 2035 436 2109 paratus
463 2025 513 2104 sit.
1116 2103 1118 2106 Ι

236 2110 290 2170 CI.
333 2109 400 2186 Qui
425 2129 556 2170 servam
581 2106 656 2169 ideo
685 2107 937 2191 comparaverit,
971 2129 1012 2169 ne
1050 2109 1203 2170 adversus
1233 2127 1268 2169 se

153 2199 381 2273 torqueretur,
408 2191 556 2252 restituto
576 2191 681 2274 pretio
712 2194 855 2254 resoluta
880 2192 1087 2269 venditione,
1116 2193 1269 2265 adversus

156 2294 230 2336 eum
278 2271 311 2331 ui
335 2274 560 2353 fraudulenter
575 2285 711 2351 emerat,
735 2277 830 2337 debet
852 2275 968 2336 subiici
996 2274 1188 2355 quaestioni.

238 2292 310 2416 (111.
352 2356 387 2415 Si
408 2377 518 2417 servus
539 2357 579 2416 ad
601 2356 663 2417 hoc
685 2359 785 2419 fuerit
809 2341 1019 2418 manumissus
1052 2378 1094 2417 ne
1120 2367 1269 2439 torquea-

152 2450 224 2517 tur,
255 2439 401 2518 quaestio
419 2439 459 2500 de
480 2459 518 2499 eo
542 2437 755 2502 nihilominus
776 2440 889 2501 haberi
913 2448 1029 2521 potest.

237 2519 328 2581 ctlt.
369 2521 431 2581 Ubi
456 2522 543 2603 quod
566 2521 692 2584 facinus
719 2525 922 2584 commissum
945 2522 1081 2598 dicitur,
1111 2520 1156 2582 ibi
1180 2519 1270 2581 defe-

153 2603 292 2666 rendum
319 2611 352 2663 et
386 2603 618 2666 vindicandum
651 2614 709 2666 est.
765 2606 806 2665 Hi
848 2605 941 2664 enim·
973 2605 1031 2686 qui
1059 2613 1268 2681 accusantur,

154 2687 195 2749 de
221 2683 391 2769 provincia
421 2687 461 2748 ad
493 2686 588 2747 aliam
612 2687 812 2768 provinciam
833 2687 1002 2749 transferri
1037 2708 1102 2746 000
1129 2686 1268 2763 debent,

153 2790 195 2830 ne
223 2789 282 2854 per
305 2768 438 2851 longum
460 2768 522 2828 iter
550 2770 748 2851 eripiantur,
785 2780 840 2831 aut
864 2771 1007 2852 fugiant:
1045 2788 1106 2828 nec
1133 2768 1270 2828 interest

153 2853 181 2914 si
205 2850 360 2935 ingenui,
393 2851 444 2911 vel
469 2851 597 2929 liberti,
631 2853 684 2914 vel
712 2853 799 2915 servi
825 2852 906 2931 sint,
935 2853 992 2934 qui
1012 2851 1136 2933 aliquid
1157 2850 1269 2910 crimi-
1341 2925 1343 2928 Ι

154 2956 269 2997 nosum
292 2933 487 2996 commisisse
510 2934 673 3000 dicuntur.

237 3015 322 3082 CIV.
364 3015 430 3094 Qui
470 3016 628 3076 effodiunt
658 3015 833 3094 terminos,
873 3016 927 3077 vel
962 3025 1094 3077 exarant
1128 3014 1265 3094 limites,

153 3098 264 3163 finem,
278 3098 404 3162 seilicet
427 3098 647 3181 designantes,
677 3109 731 3159 aut
746 3099 873 3160 arbores
895 3097 1080 3159 terminales
1100 3107 1266 3169 evertunt;

152 3183 180 3244 si
204 3181 290 3242 servi
313 3190 389 3243 sunt
408 3191 463 3241 aut
492 3180 620 3258 coloni,
647 3191 680 3242 et
701 3182 771 3242 sine
798 3182 997 3242 conscientia
1018 3181 1071 3240 vel
1095 3181 1184 3240 iussu
1206 3180 1266 3240 do·

152 3263 233 3324 mini
262 3264 419 3340 fecerint,
448 3263 635 3344 puniantur.
676 3264 711 3324 si
740 3285 819 3325 vero
840 3264 903 3325 hoe
926 3265 1103 3343 imperante
1133 3262 1265 3323 domino

151 3348 275 3407 factum
302 3367 369 3407 esse
396 3346 595 3422 eonstiterit,
630 3345 717 3407 idem
739 3345 887 3408 dominus
912 3346 1040 3406 tertiam
1062 3353 1185 3428 partem
1211 3345 1266 3405 bo·

152 3449 268 3490 norum
292 3432 425 3489 suornm
443 3428 575 3508 perdat,
599 3427 668 3488 fisci
695 3428 818 3490 iuribus
843 3429 1059 3511 profuturamr
1082 3427 1263 3510 servoipso

150 3521 206 3573 aut
229 3513 347 3574 001000
371 3507 584 3588 nihilominus
613 3511 716 3593 capite
744 3511 921 3591 puniendo.

235 3595 302 3661 CV,
344 3595 409 3655 Eos
430 3593 585 3655 terminos
604 3593 837 3668 observandos,
870 3615 951 3675 quoa
983 3592 1120 3670 duorum
1142 3589 1263 3652 fundo-

149 3699 224 3739 rum
254 3677 403 3739 dominas
419 3675 505 3736 inter
524 3684 698 3756 utrumque
722 3676 906 3757 praedium,
938 3698 1013 3738 cum
1030 3674 1264 3760 Ι0010000000

150 3760 323 3836 alienaret,
352 3757 473 3820 servari
505 3758 622 3819 debere
648 3757 829 3829 eonstituit;
857 3780 922 3819 non
949 3780 1024 3836 eos,
1066 3758 1124 3840 qui
1150 3756 1263 3840 singu·

149 3842 198 3904 los
223 3843 342 3903 fundos
362 3841 495 3923 antiqua
516 3840 720 3902 institutione
746 3841 944 3922 separabant.

234 3925 320 3987 CVI.
363 3923 497 4002 Quoties
525 3922 658 4004 aliquod
681 3923 846 4005 negotium
878 3945 1037 3984 consensu
1063 3920 1263 4004 litigantium

150 4015 206 4068 ant
226 4007 386 4068 sententia
409 4004 544 4083 iudicis,
565 4006 771 4067 sacramentis
792 4005 893 4068 fuerit
915 4006 1107 4082 diffinitum,
1138 4012 1264 4066 retrac-

149 4090 212 4150 tari
230 4111 296 4149 non
321 4088 454 4170 poterit:
477 4109 538 4148 neo
568 4087 608 4147 de
621 4086 765 4171 periurio
786 4109 879 4170 agere
894 4089 1044 4175 cuiquam
1059 4087 1108 4151 vel
1128 4107 1262 4149 movere

149 4171 346 4256 permittitur
376 4169 610 4254 quaestionem.
1258 4205 1261 4210 ·
