2826 4998
541 347 643 407 uncis
662 347 809 405 scurels
831 347 902 402 rrr.
932 349 990 404 ur.

847 487 943 552 mitus
962 486 1069 573 agnita
1089 487 1186 552 tuear
1207 494 1258 551 aut
1274 490 1317 551 in-

846 570 990 648 tertiata,
1007 569 1076 632 fieri
1091 568 1217 636 debent.
1235 571 1318 649 Quod

847 651 875 715 si
903 661 990 714 trans
1015 651 1154 734 Ligerim
1179 659 1232 714 aut
1251 654 1319 713 Gar-

846 734 1011 797 bouarium
1029 741 1135 794 manet
1151 733 1224 812 ille,
1245 735 1319 817 apud

847 836 944 898 quem
979 836 1029 877 res
1062 815 1261 896 agnoscitur,
1290 814 1318 874 in

847 897 994 959 noctibus
1028 897 1163 961 LXXX.
1196 895 1247 959 lex
1271 895 1320 962 ista

847 979 1052 1044 custodiatur.

230 1217 397 1330 ram.
423 1218 481 1290 ua
495 1214 586 1288 fauo
600 1211 815 1287 testimonio.
847 1133 938 1206 aa.
959 1131 1215 1313 ι’ᾒξζῃξξῗο
1235 1131 1319 1206 Tae'

274 1395 301 1463 Ι.
343 1394 462 1478 Siquis
478 1386 818 1456 falsumtestimonium
887 1393 913 1460 Ῑ,
954 1394 988 1456 Si
1016 1396 1087 1478 quis
1111 1397 1225 1459 falsum
1248 1395 1323 1458 testi.
1387 1391 1388 1476 j

231 1478 436 1564 praebuerit,
457 1479 523 1539 DC.
540 1476 613 1540 den.
623 1473 678 1554 qui
694 1471 818 1533 faciunt
846 1475 988 1537 monium
1018 1479 1228 1574 praebuerit,
1263 1479 1321 1540 DC.
1387 1483 1388 1520 l

232 1561 291 1625 sol.
309 1559 384 1644 XV.
406 1558 575 1643 culpabilis
594 1555 764 1619 iudicetur.
844 1559 956 1703 giffar.
974 1581 1035 1701 lqur
1062 1561 1187 1622 faciunt
1218 1559 1321 1622 solidos

905 1661 972 1702 .cu
1009 1641 1107 1706 .iud.

274 1722 320 1790 Il.
361 1720 395 1784 Si
412 1723 595 1804 cuicunque
615 1717 736 1802 aliquid
755 1717 818 1778 im·
887 1720 931 1787 ΙΙ.
972 1662 1110 1801 (ξιιοᾱεὶ
1133 1722 1247 1806 aliquis
1273 1719 1320 1782 ali-

231 1814 376 1892 putatum
409 1804 507 1866 fuerit
520 1850 530 1883 ,
568 1801 655 1885 quod
694 1799 818 1881 aliquid
846 1802 1324 1888 euiimputaverit,quudseper-

216 1889 414 1974 ¹periuratus
437 1887 494 1963 sit,
531 1893 563 1946 et
591 1906 656 1945 nun
676 1883 820 1967 potuerit
847 1887 997 1962 iurasset,
1019 1896 1050 1946 et
1062 1909 1125 1947 nnn
1136 1884 1323 1970 potueritatl·

236 1969 416 2052 adprobari,
443 1969 510 2033 DC.
530 1969 603 2028 den.
621 1965 677 2047 qni
697 1964 819 2026 faciunt
847 1968 992 2044 firmare,
1014 1970 1081 2029 DC.
1102 1970 1178 2034 den.
1194 1967 1249 2050 qui
1271 1968 1322 2027 fac.
1383 2045 1384 2048 Ἴ

233 2053 327 2114 solid.
349 2050 423 2115 XV.
449 2049 617 2131 culpabilis
647 2047 819 2108 iudicetur.
847 2050 905 2114 sol.
919 2051 986 2114 XV.
1007 2050 1092 2131 culp.
1105 2050 1174 2116 iud.
1387 2049 1388 2072 ³

276 2131 339 2196 lll.
381 2131 416 2194 si
443 2130 540 2193 alicui
566 2130 665 2191 fucrit
689 2128 821 2212 imputa·
889 2129 950 2194 ΙΙΙ.
991 2131 1024 2191 Si
1041 2133 1138 2192 alicui
1162 2132 1259 2194 fuerit
1272 2129 1322 2190 im·

234 2225 324 2290 tum,
344 2214 432 2295 qnod
442 2233 475 2273 se
488 2211 694 2296 periurasset,
712 2223 744 2272 et
756 2210 820 2271 hoe
847 2221 1011 2296 putatum,
1029 2215 1116 2296 quod
1129 2235 1162 2276 se
1179 2215 1322 2298 periuras·

235 2296 293 2379 qui
317 2294 523 2378 imputaverit
548 2293 711 2354 adfirmare
732 2302 822 2375 pote·
847 2301 906 2372 set,
927 2304 958 2356 et
976 2294 1055 2374 boc,
1078 2296 1136 2378 qui
1157 2297 1323 2379 imputave-

236 2380 295 2456 rit,
317 2386 380 2438 tres
403 2377 441 2438 de
467 2373 542 2458 ipsis
563 2374 819 2436 coniuratoribus
847 2377 902 2449 rit,
923 2377 1087 2438 adfirmare
1101 2380 1253 2460 potuerit,
1270 2385 1324 2436 tres
1387 2409 1388 2451 ,

236 2458 615 2544 periuri,unus‹u1isque
634 2457 673 2518 ad
689 2458 820 2519 illorum
848 2457 985 2540 deipsis
1017 2459 1271 2522 coniuratoribus
1294 2465 1324 2530 z)

238 2542 306 2606 DC.
327 2539 436 2602 denar.
457 2540 514 2620 qui
534 2538 654 2600 faciunt
672 2537 731 2600 sol.
745 2537 819 2600 XV.
847 2538 1003 2622 periuri„
1021 2543 1240 2625 unusquisque
1264 2539 1324 2598 illo·
1387 2580 1388 2614 ,

238 2621 408 2707 culpabilis
434 2621 603 2685 iudicetur.
649 2620 713 2682 Alii
743 2641 820 2683 vero
848 2643 921 2683 rum
937 2622 1005 2683 DC.
1031 2621 1105 2689 deu.
1131 2626 1191 2706 qni
1214 2620 1324 2686 faciunt
1387 2663 1388 2696 ,

239 2706 297 2788 qui
320 2725 416 2787 super
439 2712 503 2764 tres
524 2703 669 2780 fuerint,
700 2701 821 2784 singuli
848 2705 906 2770 sol.
927 2704 998 2769 XV.
1021 2705 1106 2787 culp.
1128 2707 1196 2768 iud.
1387 2767 1388 2778 ,

239 2787 349 2869 quinis
373 2785 502 2861 solidis,
524 2784 641 2862 idest,
666 2785 820 2849 CC.deu.
890 2783 948 2850 IV.
988 2785 1052 2846 Alii
1070 2808 1147 2848 vero
1166 2787 1325 2870 quisuper
1387 2827 1388 2863 ,

239 2867 416 2950 culpabiles
435 2867 637 2942 iudicentur,
656 2867 723 2949 ipse
743 2887 820 2928 vero
847 2865 931 2948 ipsus
944 2874 1008 2928 tres
1020 2868 1150 2950 fuerint,
1166 2870 1273 2954 quinis
1285 2888 1325 2930 su·
1387 2913 1388 2926 2

231 2950 295 3010 ¹cui
318 2949 506 3030 imputatum
534 2947 656 3026 fuerit,
689 2958 822 3030 excepta
847 2947 1024 3030 lidiseulp.
1043 2950 1108 3016 iud.
1387 3013 1388 3026 ,

240 3045 348 3092 caussa
372 3030 424 3091 vel
451 3028 584 3109 capitale
606 3038 639 3090 et
661 3030 820 3106 delatura,
890 3028 932 3096 V.
971 3031 1042 3111 Ipse
1059 3052 1147 3108 vero,
1163 3031 1217 3094 cni
1235 3031 1326 3112 impu·
1387 3073 1388 3108 ,

240 3111 305 3174 CC.
317 3111 391 3172 den.
404 3110 461 3191 qui
475 3111 597 3171 faciunt
605 3111 663 3174 sul.
672 3111 746 3176 XV.
754 3111 822 3176 cul·
847 3120 949 3174 tutum
963 3112 1072 3190 suerit,
1089 3124 1224 3196 excepto
1243 3132 1325 3176 cause
1387 3135 1388 3190 q

238 3192 354 3279 pabilis
369 3191 540 3256 indicetur.
849 3194 901 3256 vel
923 3192 1050 3274 capitali
1064 3204 1096 3255 at
1109 3190 1325 3273 dilatura,DC.
1387 3235 1388 3272 ,

847 3275 957 3338 denar.
970 3275 1026 3354 qui
1044 3276 1167 3338 faciunt
1184 3277 1243 3348 sol.
1261 3273 1326 3338 XV·
1387 3283 1388 3342 i

846 3356 937 3444 culp.
951 3357 1017 3427 ind.
1387 3367 1388 3438 l

240 3512 329 3586 ra.
348 3510 430 3584 Lu.
485 3509 543 3580 ne
563 3509 733 3583 restibus
750 3511 818 3583 aa·
848 3511 937 3584 riu
962 3494 1047 3589 ur.
1086 3509 1144 3582 ne
1164 3509 1326 3584 ressais
1387 3449 1388 3476 Ν

442 3608 618 3681 bibendis.
980 3609 1206 3681 adhibendis.

277 3773 305 3836 1.
344 3770 378 3834 Si
392 3771 464 3855 quis
479 3771 567 3834 testis
577 3767 821 3852 accersebabat,
890 3770 918 3838 I.
958 3772 993 3834 Si
1013 3774 1085 3856 quis
1105 3776 1199 3836 testes
1224 3789 1326 3834 neces·

238 3863 276 3916 ut
295 3855 410 3933 donet,
432 3865 464 3916 et
488 3855 629 3918 fortassis
644 3855 733 3918 testis
754 3878 820 3918 non
849 3857 946 3921 sarius
960 3855 1126 3932 habuerit,
1152 3863 1184 3916 et
1204 3856 1328 3915 fortasse

237 3939 309 4002 vult
324 3938 364 3998 ad
378 3937 530 4021 placitum
546 3937 675 4016 venire,
696 3938 752 3999 illc
764 3937 821 4033 qui
849 3940 909 4021 ipsi
930 3939 970 4000 ad
986 3937 1140 4020 placitum
1153 3935 1262 3998 venire
1279 3954 1329 3994 no·

200 4027 203 4036 '
236 4041 293 4084 eas
315 4019 529 4082 necessarium
551 4018 649 4082 habet
660 4063 671 4099 ,
696 4041 817 4082 mamre
845 4021 983 4100 luerint,
1004 4020 1061 4082 ille
1081 4019 1138 4104 qni
1156 4039 1209 4082 eus
1226 4035 1332 4080 neces·

237 4197 347 4258 maltua,
364 4155 396 4248 td
411 4203 460 4256 err,
477 4193 529 4265 qui
540 4205 600 4264 auru
635 4189 657 4246 ir
671 4201 782 4247 ceruum
798 4191 839 4250 ud
854 4191 1022 4264 mallandum
1044 4193 1074 4244 in
1101 4168 1184 4245 vicem
1208 4179 1326 4242 alterius.

237 4263 325 4324 Glale.
344 4262 398 4328 brt,
417 4261 563 4331 tumultur.
586 4210 672 4320 isba
687 4259 802 4323 debitor.
881 4261 910 4334 s)
925 4263 987 4318 Duc
1004 4259 1072 4322 rich.
1091 4257 1267 4320 iuratoribus
