2906 5008
405 321 508 379 uaeas
524 317 988 383 ,iaauuuuoaau2r1a..·ram
1121 351 1126 360 1
1161 296 1278 372 salt.

142 463 186 527 rit
205 461 399 523 aut‘colono
421 460 517 542 Regis
541 466 595 520 aut
618 456 736 519 nolano
749 455 940 534 :Eoolesiam
961 457 1018 520 illa
1034 457 1192 540 *quaeiilli
1215 457 1256 522 lie

141 546 221 607 hero
245 544 353 624 nupsit
366 543 425 604 sibi
448 539 627 622 coaequali,
648 550 757 601 teneat
776 549 891 602 terram
909 542 1006 622 patris
1032 561 1150 602 aarum.
1187 541 1255 602 'Res

143 636 251 702 antem
274 627 352 686 alius
373 626 551 707 aequaliter
575 622 729 688 dividant.
769 622 833 691 Illa
863 623 948 683 enim
973 645 1057 704 quae
1082 623 1254 684 illolbolo-

142 733 187 771 no
210 709 339 790 nupsit,
367 730 432 768 non
457 707 555 768 intret
577 707 611 764 in
635 707 817 788 portionem
836 709 958 782 terrae,
982 706 1058 788 quia
1075 705 1257 768 sihiaaoaea
1312 743 1315 750 ·

142 791 233 875 quali
258 812 323 850 non
349 790 467 874 nupsit.

144 911 235 981 Tin.
264 907 401 978 LVIII.
439 905 549 1002 (59.)
598 905 656 976 De
682 931 726 976 eo
752 911 814 1000 qui
841 905 1033 976 mulierem
1056 907 1095 976 in
1123 908 1254 998 itinere

196 1009 385 1078 vadentem
410 1009 666 1096 denudaverit,
703 1019 764 1074 aut
787 1031 870 1075 cum
886 1030 928 1074 ea
949 1007 1211 1085 moechaverit..

227 1134 255 1200 l.
298 1134 332 1194 Si
354 1158 415 1216 qua
439 1135 541 1196 libera
562 1133 681 1194 femina
709 1133 798 1215 virgo
822 1132 910 1196 vadit
934 1131 968 1192 in
994 1133 1111 1196 itinere
1135 1158 1192 1216 suo
1208 1136 1258 1202 iu-

144 1232 196 1282 ter
222 1218 298 1278 duas
321 1218 430 1294 villas,
453 1233 485 1277 et
506 1217 646 1277 obviavit
668 1237 736 1275 eam
762 1215 897 1296 aliquis,
921 1225 952 1275 et
970 1238 1030 1298 per
1047 1227 1173 1298 raptum
1197 1216 1256 1280 de-

143 1302 249 1362 nudat
269 1309 365 1381 caput
388 1301 475 1376 eius,
505 1321 578 1359 eum
604 1321 660 1358 sex
685 1297 795 1360 solidis
822 1308 1006 1378 componete
1045 1302 1109 1374 (Et
1135 1303 1161 1362 si
1188 1303 1256 1362 eius

145 1385 336 1446 vestimenta
355 1382 509 1443 levaverit
527 1401 628 1462 usqne
646 1381 686 1440 ad
705 1380 841 1440 mediam
858 1380 980 1459 tibiam,
997 1405 1071 1442 eum
1087 1383 1189 1444 trihus
1202 1405 1258 1444 so-

144 1467 223 1528 lidis
244 1473 423 1546 componat.
478 1463 521 1524 Et
550 1464 575 1525 si
605 1485 707 1545 usque
738 1463 778 1522 ad
805 1463 953 1545 genicula
983 1465 1147 1542 denudet,
1182 1487 1256 1526 cum

145 1571 203 1612 sex
218 1548 327 1610 solidis
342 1556 511 1628 componat
523 1543 561 1628 i).
614 1546 660 1606 Et
673 1546 698 1606 si
720 1567 789 1606 eam
810 1546 1020 1607 denudaverit
1037 1557 1072 1606 ut
1102 1543 1256 1630 genitalia

145 1632 217 1693 eius
228 1639 400 1712 appareant
413 1631 464 1689 vel
477 1628 663 1710 posteriora,
679 1650 751 1688 eum
770 1628 940 1688 duodecim
957 1630 1066 1691 solidis
1076 1641 1256 1712 componat.

231 1714 274 1777 Il.
318 1711 352 1772 si
379 1721 485 1771 autem
514 1733 586 1770 cum
613 1733 649 1771 ea
675 1711 883 1792 fornicaverit
910 1722 1021 1774 contra
1042 1713 1110 1774 eius
1137 1714 1258 1774 volun-

144 1805 244 1858 tatem
269 1795 327 1872 k),
350 1803 519 1874 componat
539 1794 658 1854 solidos
683 1794 902 1875 quadraginta.

228 1879 285 1942 ΙΙΙ,
327 1877 360 1936 Si
390 1887 495 1936 autem
522 1876 652 1940 mulieri
682 1875 762 1936 haee
792 1876 928 1955 lecerit,
951 1876 1059 1938 omnia
1082 1876 1258 1962 dupliciter

146 1969 318 2043 componat
341 1959 424 2021 sicut
445 1968 537 2019 antea
558 1959 699 2020 diximus
720 1959 760 2019 de
784 1958 919 2042 virgine.

197 2078 287 2148 Tar.
312 2078 417 2149 LIX.
443 2074 554 2170 (60.)
585 2075 661 2146 'De
688 2102 731 2148 eo
757 2079 818 2171 qui
847 2075 958 2150 alium
990 2081 1250 2175 percusserit

188 2225 189 2229 η
530 2188 593 2245 aut
615 2177 873 2252 vulneraverit.

231 2309 257 2368 Ι.
298 2307 331 2366 Si
357 2305 430 2388 qais
448 2303 546 2366 alium
566 2328 625 2387 per
647 2306 727 2366 iram
749 2306 960 2386 percusserit,
983 2309 1071 2390 quod
1086 2306 1259 2370 Alamanni

147 2388 288 2474 pulislao
307 2391 348 2453 kt
371 2389 494 2465 dieunt,
517 2411 590 2451 cum
608 2411 679 2449 uno
701 2390 804 2450 solido
827 2399 1005 2471 componat.

233 2473 272 2534 ll.
314 2473 347 2531 Si
369 2481 476 2532 autem
494 2471 684 2554 sanguinem
709 2472 849 2550 fuderit,
871 2473 918 2534 sie
942 2483 976 2533 ut
1001 2483 1118 2536 terram
1139 2481 1257 2558 tangat,

147 2565 319 2636 componat
347 2554 486 2614 solidum
510 2576 613 2614 unum
642 2564 674 2614 et
695 2555 799 2616 semis.
1038 2617 1040 2622 Α

231 2639 287 2702 llI.
331 2638 364 2697 Si
389 2636 477 2697 enim
500 2637 695 2718 percusserit
715 2659 788 2697 eum
814 2647 849 2698 ut
875 2648 956 2700 testa
979 2647 1129 2724 appareat
1150 2647 1182 2700 et
1203 2653 1258 2698 ra·¹

148 2722 260 2795 datur,
283 2743 356 2781 cam
372 2719 474 2779 tribus
489 2719 599 2780 solidis
616 2731 796 2802 componat.
1201 2721 1207 2755 ·’
1259 2748 1263 2756 *

230 2804 287 2870 IV.
302 2803 339 2862 ‘Si
352 2812 457 2861 autem
478 2823 512 2862 os
527 2803 566 2862 de
582 2802 685 2884 capite
708 2811 739 2863 et
757 2805 893 2867 fractum
907 2802 1020 2863 tulerit
1034 2803 1072 2864 de
1088 2803 1191 2884 plaga,
1214 2799 1258 2861 ita

147 2897 185 2950 ut
212 2907 309 2967 super
334 2883 462 2965 publica
492 2884 545 2944 via
574 2884 637 2943 lata
664 2884 779 2966 viginti
803 2897 942 2968 quatuor
972 2885 1069 2967 pedes
1103 2885 1138 2944 in
1166 2894 1257 2947 scuto

146 2969 308 3034 sonaverit
331 2967 415 3027 illud
441 2989 474 3028 os
500 2967 540 3044 l),
564 2989 636 3027 cum
656 2989 711 3028 sex
737 2970 847 3032 solidis
874 2977 1053 3048 componat.

231 3052 270 3116 V.
313 3052 346 3111 Si
373 3059 479 3128 aut-em
508 3050 610 3132 ipsum
639 3071 672 3111 os
694 3051 837 3116 medieas
860 3053 983 3133 perdit,
1007 3060 1040 3112 et
1060 3069 1125 3111 non
1153 3057 1258 3132 potest

148 3157 224 3197 eum
247 3141 469 3214 praesentare,
491 3141 571 3192 tuno
593 3134 671 3194 duos
688 3141 782 3196 testes
808 3135 973 3208 adhibeat,
996 3133 1052 3215 qui
1077 3133 1139 3194 hoe
1157 3132 1259 3193 vidis·

147 3227 222 3280 sent
247 3215 334 3296 qaod
365 3215 404 3274 de
436 3214 492 3275 illa
515 3215 608 3296 plaga
625 3215 664 3276 'os
688 3216 827 3295 tulisset,
855 3226 910 3278 aut
936 3217 992 3276 ille
1023 3217 1165 3276 medicus
1195 3214 1259 3275 hoe

148 3299 336 3381 comprobet
350 3298 439 3379 quod
458 3319 572 3358 verum
590 3297 703 3358 fuisset
722 3302 810 3380 quod
832 3301 870 3361 de
885 3300 951 3380 ipsa
965 3299 1057 3382 plaga
1069 3321 1102 3358 os
1122 3297 1258 3364 tulisset.

234 3381 289 3442 VI.
332 3381 365 3440 Si
399 3391 504 3440 autem
534 3389 613 3441 testa
641 3383 875 3463 transcapulata
905 3382 1024 3456 fuerit,
1055 3383 1099 3440 ita
1124 3390 1158 3439 nt
1186 3401 1267 3440 cers
1322 3429 1324 3437 i

147 3465 235 3528 vella
257 3473 423 3545 appareat,
445 3473 481 3522 ut
500 3464 642 3523 medicus
667 3486 740 3524 cum
761 3465 860 3548 pinna
877 3476 931 3525 aut
952 3476 1024 3526 eum
1044 3465 1163 3524 fanone
1187 3485 1259 3526 cer-

148 3550 269 3611 vellam
292 3556 401 3624 tangat
422 3555 495 3622 m),
521 3567 594 3606 cum
619 3546 789 3607 duodecim
812 3548 923 3608 solidis
946 3555 1124 3628 componat.
1257 3609 1259 3618 ¹

232 3628 307 3692 Vil.
352 3628 385 3688 Si
422 3638 529 3689 autem
559 3651 599 3689 ex
627 3629 703 3710 ipsa·
719 3630 811 3712 plaga
840 3631 982 3690 cervella
1009 3629 1143 3704 exierit,
1175 3629 1258 3691 sicut

148 3712 232 3776 solet
244 3711 452 3792 contingere,
475 3720 510 3770 nt
522 3711 663 3772 medicus
684 3733 758 3772 cum
775 3713 1007 3774 medicamento
1025 3720 1080 3770 ant
1093 3709 1196 3772 Sirieo
1214 3721 1265 3786 n)
1308 3739 1311 3749 ·

218 3916 255 3985 h)
274 3915 401 3972 Corbion.
419 3916 729 3984 paterniea.llerold.in
747 3933 827 3984 marg.
837 3915 1010 3984 paternuica.
1047 3913 1075 3983 i)
1092 3913 1198 3966 Desunt
1206 3913 1259 3966 ist'a

148 3989 178 4039 in
197 3985 320 4056 plurimis
341 3986 424 4037 Codd.
495 3985 532 4055 l)
558 3985 615 4038 Til.
645 3995 672 4040 et
695 3987 805 4039 llerold.
826 3987 971 4055 pullularit.
1001 3982 1081 4038 Lina.
1105 3985 1257 4054 parleslaclv.

148 4058 231 4110 Corb.
264 4058 399 4127 parisiac.
425 4057 491 4106 Met.
522 4058 669 4125 puliseale.
739 4057 766 4125 l)
784 4057 911 4109 Schilter.
931 4057 966 4107 Si-
981 4067 1070 4108 autem
1088 4055 1276 4124 plagaverit,f

146 4142 180 4180 rat
200 4125 232 4178 de
250 4127 341 4184 canite
360 4125 523 4196 anfractum
542 4125 680 4179 talerr't'et
696 4145 778 4196 saper
789 4128 930 4197 publicum
944 4128 1019 4178 viam
1030 4127 1155 4195 proiicit,
1184 4117 1262 4197 quod
1272 4131 1276 4148 ²

149 4211 233 4268 sulpur
248 4198 348 4249 XXIV.
374 4193 454 4266 pedes
483 4199 613 4250 in--seuto
637 4199 787 4260 sonaverit,
814 4199 900 4267 ipsum
921 4215 960 4248 os.
1020 4193 1073 4262 aa)
1091 4197 1200 4258 Herold.
1230 4184 1277 4248 ett

151 4267 228 4323 lind
243 4268 361 4322 cervelln
379 4267 475 4338 torigia
527 4271 566 4339 n)
587 4267 695 4327 Herold.
716 4269 812 4324 serico.
849 4266 976 4322 Schilaer.
999 4266 1104 4337 ‘siryco
