2876 4992
174 221 228 326 pe
606 237 673 298 nex
707 237 833 298 senes

179 385 259 450 ium.
286 403 363 452 snae
393 379 513 466 gratiae
534 377 659 466 repleat
681 379 862 446 exercitum
882 386 1029 466 protegat
1053 379 1152 445 tidem
1175 401 1289 444 monn·

179 477 288 532 menta
310 465 433 526 tribnat
458 463 545 547 pacis
568 463 688 546 gaudia
709 472 742 525 et
764 463 929 534 felicitatis
950 473 1093 547 tempora
1118 465 1292 526 dominan-

180 552 262 614 tium
284 549 442 610 Dominus
465 550 553 610 lesus
575 545 721 608 Christus
742 545 893 628 pietatem
911 549 1078 610 concedat.
1124 547 1211 610 Haeo
1229 557 1293 609 est·

206 655 246 695 ue
271 653 349 716 gens
375 630 466 693 fortis
488 631 565 690 dum
591 637 640 689 est
668 625 784 688 robore
813 627 918 690 valida
937 629 1155 690 Romanorum
1181 629 1294 712 iugum

181 657 390 779 iurissimnm
416 713 455 773 de
484 712 550 774 suis
579 707 757 772 cervicibus
781 723 993 772 excusserunt
1015 713 1200 796 pugnando
1239 711 1295 772 At-

183 820 247 884 que
270 807 343 882 post
363 795 542 878 agnitiones
561 793 756 875 Baptismum
770 791 960 855 Sanctorum
975 797 1143 855 Martinam
1157 814 1296 876 corpora

183 902 267 962 quae
288 877 424 940 Romani
448 877 522 962 igne
543 885 768 936 cremaverunt
795 878 852 936 vel*
870 877 958 936 ferro
981 886 1219 939 truncaverunt
1239 871 1297 939 vel

182 961 294 1026 hestiis
313 963 534 1022 laceraverunt
553 967 762 1041 proiecerunt
781 956 915 1020 Francis
933 981 1031 1046 saper
1054 981 1108 1023 eos
1132 979 1251 1022 eurum
1264 966 1302 1021 et

186 1044 311 1130 lapides
330 1043 486 1130 pretiosas
499 1049 709 1106 ornaverunt.
733 1039 884 1102 Tantum.
967 1111 973 1128 .

526 1321 957 1344 m

311 1757 533 1832 mmmmm
574 1757 788 1830 CAPITULA
827 1757 951 1830 tnots
992 1760 1179 1832 sentem.

258 1945 285 2009 io
302 1943 363 2008 DC
381 1943 518 2010 Μίῐηίἴθι

254 2029 285 2091 '2-
311 2028 364 2090 De
373 2027 477 2110 sartis
489 2047 669 2113 porcorum.

253 2113 285 2192 5.
312 2111 362 2174 De
370 2109 474 2194 fartis
486 2112 679 2174 animalium

253 2195 286 2271 ti.
311 2193 363 2255 De
371 2191 475 2274 fartis
492 2195 610 2256 ovium.
652 2263 654 2270 ,

201 2297 211 2306 “
254 2275 286 2340 5.
311 2275 361 2336 De
373 2273 477 2358 fartis
493 2290 670 2360 caprarum.

254 2357 287 2424 6.
313 2358 363 2419 De
373 2356 477 2439 fartis
497 2376 620 2424 canam·

255 2461 286 2524 7.
313 2442 364 2503 De
374 2438 478 2523 furtis
495 2442 628 2506 avium..

255 2525 288 2590 8.
305 2523 367 2585 'De
377 2521 481 2606 furtis
495 2523 653 2586 arborum.

256 2627 289 2690 9.
316 2607 365 2666 De
373 2605 477 2688 sartis
495 2607 612 2691 apium.

240 2707 289 2754 ιο.
315 2689 366 2748 De
386 2688 501 2749 damno
516 2690 549 2747 in
565 2709 662 2749 messe
677 2687 733 2750 vel
749 2687 784 2751 in
804 2687 944 2774 qnalibet
960 2689 1115 2756 clausura

240 2785 290 2836 ιι.
315 2770 365 2831 De
379 2771 481 2830 servis
493 2771 541 2832 vel
553 2774 718 2854 mancipiis
723 2771 856 2856 furatis.
897 2824 901 2831 .

242 2872 289 2914 ιι.
316 2853 366 2912 De
376 2852 478 2934 snrtis
501 2853 704 2932 ingenuorum
730 2856 779 2915 vel
799 2855 993 2936 effracturis.

171 2970 174 2977 ·
241 2937 289 3000 ιδ.
317 2935 367 2994 De
390 2946 481 3014 rapto
498 2940 703 3012 ingenuorum
723 2937 778 2996 vel
805 2937 979 2999 mulierum.

241 3018 290 3094 it.
318 3017 368 3076 De
383 3037 419 3078 eo
438 3017 494 3098 qni
512 3019 642 3078 alterius
664 3018 824 3079 mulierem
848 3021 932 3080 tollit
953 3022 1020 3084 vivo
1036 3024 1162 3091 marito.

241 3099 289 3165 15.
315 3099 365 3158 De
383 3102 631 3182 supervenientes
647 3101 703 3162 vel
718 3101 986 3184 expoliationibas
1005 3107 1061 3190 qui
1079 3107 1236 3170 hominem
1256 3104 1319 3168 in·

320 3200 455 3262 genuum
484 3201 527 3242 ex
550 3181 636 3246 oliat.

243 3262 289 3326 ι6.
314 3261 353 3322 St
372 3263 441 3345 qais
452 3286 454 3292 ’
466 3264 515 3321 vil
528 3284 578 3322 arn
600 3263 745 3324 alienam
757 3261 933 3333 adsalierit.

243 3367 290 3426 ¹7·
317 3342 443 3426 Siquis
464 3343 620 3405 hominem
646 3360 803 3407 mortnnm
827 3345 979 3429 effoderit
1007 3362 1062 3414 ant
1083 3352 1318 3438 expoliaverit.

242 3427 289 3493 18.
316 3424 445 3520 Siquis
462 3445 575 3512 corpas
593 3428 628 3488 in
636 3425 731 3509 fnrtn
745 3431 959 3516 expoliaverit
971 3445 1042 3496 ante
1064 3456 1157 3522 qnam
1186 3437 1320 3498 interea

320 3519 474 3570 mittatur.

200 3660 203 3668 ,
244 3609 291 3676 ¹9·
318 3591 442 3671 Siquis
461 3611 534 3650 casa
549 3611 645 3674 snper
660 3591 815 3654 hominem
832 3592 1037 3659 dormientem
1061 3597 1247 3662 incenderit.

240 3691 292 3737 ιο.
320 3673 447 3754 Siquis
465 3676 635 3756 spicarium
649 3687 704 3734 ant
726 3675 899 3757 manfnlnm
914 3700 985 3740 enm
1000 3703 1104 3744 anona
1124 3681 1320 3750 incenderit.

240 3755 292 3822 ιι.
318 3757 357 3818 Si
377 3756 447 3838 qais
465 3756 598 3815 alternm
621 3756 717 3816 voluit
736 3757 880 3819 occidere
902 3774 933 3822 et
955 3763 1063 3848 colpus
1077 3764 1230 3846 fallierit.

203 3881 208 3884 -
241 3861 291 3904 22.
319 3837 445 3918 Siquis
466 3837 622 3897 bominem
645 3839 810 3918 ingenuam
832 3839 872 3900 de
882 3843 971 3922 suste
985 3849 1186 3928 percusserit.

241 3923 293 3988 αὖ.
321 3920 359 3980 Si
374 3920 443 4000 qais
463 3918 508 4016 ad
531 3919 646 4000 Regem
671 3923 827 3984 hominem
852 3926 1049 3990 innocentem
1076 3930 1235 3994 absentem
1262 3951 1324 3994 ac·

324 4015 492 4064 casavent.

241 4083 293 4164 24.
320 4084 369 4145 De
391 4081 544 4168 maleficis
565 4083 621 4168 qni
645 4081 740 4149 alteri
761 4086 874 4152 herbas
895 4085 1033 4158 dederit«

205 4243 209 4250 .
233 4167 292 4254 255
320 4167 370 4231 De
390 4187 485 4230 mann
503 4166 644 4233 mulieris
664 4169 858 4253 stringenda·
