<?xml version="1.0" encoding="UTF-8"?>
<!DOCTYPE html PUBLIC "-//W3C//DTD XHTML 1.0 Transitional//EN"
    "http://www.w3.org/TR/xhtml1/DTD/xhtml1-transitional.dtd">
<html xmlns="http://www.w3.org/1999/xhtml" xml:lang="en" lang="en">
 <head>
  <title>
</title>
<meta http-equiv="Content-Type" content="text/html;charset=utf-8" />
  <meta name='ocr-system' content='tesseract 3.04.00' />
  <meta name='ocr-capabilities' content='ocr_page ocr_carea ocr_par ocr_line ocrx_word'/>
</head>
<body>
  <div class='ocr_page' id='page_1' title='image "./corpusiurisgerm02visigoog/corpusiurisgerm02visigoog_0408.png"; bbox 0 0 2900 5020; ppageno 0'>
   <div class='ocr_carea' id='block_1_1' title="bbox 414 265 1232 379">
    <p class='ocr_par' dir='ltr' id='par_1_1' title="bbox 414 265 1232 379">
     <span class='ocr_line' id='line_1_1' title="bbox 414 265 1232 379; baseline 0.01 -33"><span class='ocrx_word' id='word_1_1' title='bbox 414 293 521 379; x_wconf 63' lang='lat' dir='ltr'><strong>neers</strong></span> <span class='ocrx_word' id='word_1_2' title='bbox 540 265 712 361; x_wconf 76' lang='lat' dir='ltr'><strong>saxonum</strong></span> <span class='ocrx_word' id='word_1_3' title='bbox 737 284 801 350; x_wconf 78' lang='lat' dir='ltr'><strong>rrr</strong></span> <span class='ocrx_word' id='word_1_4' title='bbox 818 293 894 353; x_wconf 66' lang='lat' dir='ltr'><strong>mn</strong></span> <span class='ocrx_word' id='word_1_5' title='bbox 1157 278 1232 354; x_wconf 76' lang='lat'><strong>389</strong></span> 
     </span>
    </p>
   </div>
   <div class='ocr_carea' id='block_1_2' title="bbox 258 435 1114 530">
    <p class='ocr_par' dir='ltr' id='par_1_2' title="bbox 258 435 1114 530">
     <span class='ocr_line' id='line_1_2' title="bbox 258 435 1114 530; baseline 0.037 -32"><span class='ocrx_word' id='word_1_6' title='bbox 258 439 347 520; x_wconf 72' lang='lat' dir='ltr'><strong>&#39;Pru</strong></span> <span class='ocrx_word' id='word_1_7' title='bbox 374 435 489 509; x_wconf 61' lang='lat' dir='ltr'><strong>XIV:n</strong></span> <span class='ocrx_word' id='word_1_8' title='bbox 530 435 588 506; x_wconf 86' lang='lat' dir='ltr'><strong>De</strong></span> <span class='ocrx_word' id='word_1_9' title='bbox 608 455 680 526; x_wconf 86' lang='lat' dir='ltr'><strong>eo,</strong></span> <span class='ocrx_word' id='word_1_10' title='bbox 707 436 770 530; x_wconf 89' lang='lat' dir='ltr'><strong>qui</strong></span> <span class='ocrx_word' id='word_1_11' title='bbox 796 436 928 507; x_wconf 81' lang='lat' dir='ltr'><strong>animal</strong></span> <span class='ocrx_word' id='word_1_12' title='bbox 952 435 1114 526; x_wconf 39' lang='lat' dir='ltr'><strong>laeserit:</strong></span> 
     </span>
    </p>
   </div>
   <div class='ocr_carea' id='block_1_3' title="bbox 128 565 1231 816">
    <p class='ocr_par' dir='ltr' id='par_1_3' title="bbox 128 565 1231 816">
     <span class='ocr_line' id='line_1_3' title="bbox 211 565 1231 645; baseline 0.003 -15"><span class='ocrx_word' id='word_1_13' title='bbox 211 566 240 630; x_wconf 85' lang='lat' dir='ltr'><strong>l.</strong></span> <span class='ocrx_word' id='word_1_14' title='bbox 281 568 347 645; x_wconf 87' lang='lat' dir='ltr'><strong>Qui</strong></span> <span class='ocrx_word' id='word_1_15' title='bbox 370 567 404 629; x_wconf 90' lang='lat' dir='ltr'><strong>in</strong></span> <span class='ocrx_word' id='word_1_16' title='bbox 423 567 539 628; x_wconf 82' lang='lat' dir='ltr'><strong>fossum</strong></span> <span class='ocrx_word' id='word_1_17' title='bbox 560 565 612 627; x_wconf 83' lang='lat' dir='ltr'><strong>vel</strong></span> <span class='ocrx_word' id='word_1_18' title='bbox 632 565 744 627; x_wconf 87' lang='lat' dir='ltr'><strong>sudem</strong></span> <span class='ocrx_word' id='word_1_19' title='bbox 766 574 890 628; x_wconf 78' lang='lat' dir='ltr'><strong>acutam</strong></span> <span class='ocrx_word' id='word_1_20' title='bbox 912 579 1005 638; x_wconf 82' lang='lat' dir='ltr'><strong>(suae</strong></span> <span class='ocrx_word' id='word_1_21' title='bbox 1028 569 1079 629; x_wconf 79' lang='lat' dir='ltr'><strong>vel</strong></span> <span class='ocrx_word' id='word_1_22' title='bbox 1105 567 1231 633; x_wconf 82' lang='lat' dir='ltr'><strong>allenue</strong></span> 
     </span>
     <span class='ocr_line' id='line_1_4' title="bbox 128 648 1230 733; baseline 0.004 -22"><span class='ocrx_word' id='word_1_23' title='bbox 128 649 212 732; x_wconf 81' lang='lat' dir='ltr'><strong>sepis</strong></span> <span class='ocrx_word' id='word_1_24' title='bbox 240 655 278 724; x_wconf 82' lang='lat' dir='ltr'><strong>o)</strong></span> <span class='ocrx_word' id='word_1_25' title='bbox 306 670 404 730; x_wconf 85' lang='lat' dir='ltr'><strong>pecus</strong></span> <span class='ocrx_word' id='word_1_26' title='bbox 425 648 594 731; x_wconf 82' lang='lat' dir='ltr'><strong>quodlibet</strong></span> <span class='ocrx_word' id='word_1_27' title='bbox 626 648 813 730; x_wconf 79' lang='lat' dir='ltr'>agitaverit,</span> <span class='ocrx_word' id='word_1_28' title='bbox 852 649 963 733; x_wconf 78' lang='lat' dir='ltr'>ibique</span> <span class='ocrx_word' id='word_1_29' title='bbox 994 649 1230 718; x_wconf 76' lang='lat' dir='ltr'><strong>confixum&#39;tel</strong></span> 
     </span>
     <span class='ocr_line' id='line_1_5' title="bbox 129 730 793 816; baseline -0.003 -22"><span class='ocrx_word' id='word_1_30' title='bbox 129 732 246 796; x_wconf 86' lang='lat' dir='ltr'><strong>cadens</strong></span> <span class='ocrx_word' id='word_1_31' title='bbox 266 733 421 816; x_wconf 85' lang='lat' dir='ltr'><strong>perierit,</strong></span> <span class='ocrx_word' id='word_1_32' title='bbox 440 730 592 796; x_wconf 80' lang='lat' dir='ltr'><strong>mulctum</strong></span> <span class='ocrx_word' id='word_1_33' title='bbox 612 741 793 814; x_wconf 85' lang='lat' dir='ltr'><strong>componat.</strong></span> 
     </span>
    </p>
   </div>
   <div class='ocr_carea' id='block_1_4' title="bbox 375 877 977 982">
    <p class='ocr_par' dir='ltr' id='par_1_4' title="bbox 375 877 977 982">
     <span class='ocr_line' id='line_1_6' title="bbox 375 877 977 982; baseline 0.002 -31"><span class='ocrx_word' id='word_1_34' title='bbox 375 881 463 982; x_wconf 72' lang='lat' dir='ltr'><strong>Tru.</strong></span> <span class='ocrx_word' id='word_1_35' title='bbox 489 877 577 952; x_wconf 85' lang='lat' dir='ltr'><strong>XV.</strong></span> <span class='ocrx_word' id='word_1_36' title='bbox 628 877 688 949; x_wconf 90' lang='lat' dir='ltr'><strong>De</strong></span> <span class='ocrx_word' id='word_1_37' title='bbox 711 879 977 952; x_wconf 84' lang='lat' dir='ltr'><strong>traditionibus.</strong></span> 
     </span>
    </p>
   </div>
   <div class='ocr_carea' id='block_1_5' title="bbox 128 1005 1250 1652">
    <p class='ocr_par' dir='ltr' id='par_1_5' title="bbox 130 1005 1232 1178">
     <span class='ocr_line' id='line_1_7' title="bbox 210 1005 1232 1094; baseline 0 -20"><span class='ocrx_word' id='word_1_38' title='bbox 210 1009 237 1077; x_wconf 87' lang='lat' dir='ltr'><strong>I.</strong></span> <span class='ocrx_word' id='word_1_39' title='bbox 278 1009 482 1074; x_wconf 85' lang='lat' dir='ltr'><strong>Traditioues</strong></span> <span class='ocrx_word' id='word_1_40' title='bbox 505 1015 539 1071; x_wconf 92' lang='lat' dir='ltr'><strong>et</strong></span> <span class='ocrx_word' id='word_1_41' title='bbox 556 1005 761 1071; x_wconf 78' lang='lat' dir='ltr'><strong>venditiones</strong></span> <span class='ocrx_word' id='word_1_42' title='bbox 783 1027 893 1073; x_wconf 89' lang='lat' dir='ltr'><strong>omnes</strong></span> <span class='ocrx_word' id='word_1_43' title='bbox 921 1007 1102 1094; x_wconf 77' lang='lat' dir='ltr'><strong>legitimae,</strong></span> <span class='ocrx_word' id='word_1_44' title='bbox 1133 1011 1232 1086; x_wconf 78' lang='lat' dir='ltr'><strong>stubi-</strong></span> 
     </span>
     <span class='ocr_line' id='line_1_8' title="bbox 130 1097 1131 1178; baseline -0.004 -22"><span class='ocrx_word' id='word_1_45' title='bbox 130 1097 178 1156; x_wconf 90' lang='lat' dir='ltr'><strong>les</strong></span> <span class='ocrx_word' id='word_1_46' title='bbox 198 1101 417 1178; x_wconf 81' lang='lat' dir='ltr'><strong>permaneant,</strong></span> <span class='ocrx_word' id='word_1_47' title='bbox 497 1164 500 1170; x_wconf 22' lang='grc' dir='ltr'>Ι</span> <span class='ocrx_word' id='word_1_48' title='bbox 1046 1119 1053 1138; x_wconf 65' lang='lat'><strong><em>⁴</em></strong></span> <span class='ocrx_word' id='word_1_49' title='bbox 1129 1170 1131 1174; x_wconf 86' lang='lat'>.</span> 
     </span>
    </p>

    <p class='ocr_par' dir='ltr' id='par_1_6' title="bbox 128 1170 1250 1404">
     <span class='ocr_line' id='line_1_9' title="bbox 211 1170 1232 1256; baseline 0.002 -20"><span class='ocrx_word' id='word_1_50' title='bbox 211 1176 256 1241; x_wconf 90' lang='lat' dir='ltr'><strong>ll.</strong></span> <span class='ocrx_word' id='word_1_51' title='bbox 296 1174 388 1235; x_wconf 88' lang='lat' dir='ltr'><strong>Nulli</strong></span> <span class='ocrx_word' id='word_1_52' title='bbox 417 1175 513 1236; x_wconf 89' lang='lat' dir='ltr'><strong>liceat</strong></span> <span class='ocrx_word' id='word_1_53' title='bbox 544 1172 751 1234; x_wconf 81' lang='lat' dir='ltr'><strong>traditionem</strong></span> <span class='ocrx_word' id='word_1_54' title='bbox 775 1170 981 1236; x_wconf 64' lang='lat' dir='ltr'><strong>haereditans</strong></span> <span class='ocrx_word' id='word_1_55' title='bbox 1009 1195 1084 1238; x_wconf 85' lang='lat' dir='ltr'><strong>suae</strong></span> <span class='ocrx_word' id='word_1_56' title='bbox 1112 1174 1232 1256; x_wconf 77' lang='lat' dir='ltr'><strong>fecere,</strong></span> 
     </span>
     <span class='ocr_line' id='line_1_10' title="bbox 128 1254 1250 1343; baseline -0.002 -25"><span class='ocrx_word' id='word_1_57' title='bbox 128 1269 256 1343; x_wconf 77' lang='lat' dir='ltr'><strong>praeter</strong></span> <span class='ocrx_word' id='word_1_58' title='bbox 280 1257 320 1316; x_wconf 84' lang='lat' dir='ltr'><strong>ud</strong></span> <span class='ocrx_word' id='word_1_59' title='bbox 337 1257 533 1334; x_wconf 81' lang='lat' dir='ltr'><strong>Ecclesiam,</strong></span> <span class='ocrx_word' id='word_1_60' title='bbox 555 1256 605 1316; x_wconf 86' lang='lat' dir='ltr'><strong>vel</strong></span> <span class='ocrx_word' id='word_1_61' title='bbox 621 1256 722 1340; x_wconf 82' lang='lat' dir='ltr'><strong>Regi,</strong></span> <span class='ocrx_word' id='word_1_62' title='bbox 745 1263 798 1332; x_wconf 83' lang='lat' dir='ltr'><strong>(ut</strong></span> <span class='ocrx_word' id='word_1_63' title='bbox 811 1254 981 1318; x_wconf 80' lang='lat' dir='ltr'><strong>haeredem</strong></span> <span class='ocrx_word' id='word_1_64' title='bbox 998 1279 1091 1320; x_wconf 89' lang='lat' dir='ltr'><strong>suum</strong></span> <span class='ocrx_word' id='word_1_65' title='bbox 1112 1258 1250 1321; x_wconf 58' lang='lat' dir='ltr'><strong>exhuess.</strong></span> 
     </span>
     <span class='ocr_line' id='line_1_11' title="bbox 129 1341 366 1404; baseline -0.021 -1"><span class='ocrx_word' id='word_1_66' title='bbox 129 1342 239 1404; x_wconf 87' lang='lat' dir='ltr'><strong>redem</strong></span> <span class='ocrx_word' id='word_1_67' title='bbox 261 1341 366 1404; x_wconf 82' lang='lat' dir='ltr'><strong>faciut.</strong></span> 
     </span>
    </p>

    <p class='ocr_par' dir='ltr' id='par_1_7' title="bbox 130 1418 1233 1652">
     <span class='ocr_line' id='line_1_12' title="bbox 138 1418 1233 1502; baseline -0.002 -19"><span class='ocrx_word' id='word_1_68' title='bbox 138 1439 142 1446; x_wconf 82' lang='lat'>&#39;</span> <span class='ocrx_word' id='word_1_69' title='bbox 213 1421 275 1483; x_wconf 89' lang='lat' dir='ltr'><strong>lll.</strong></span> <span class='ocrx_word' id='word_1_70' title='bbox 314 1418 383 1481; x_wconf 84' lang='lat' dir='ltr'><strong>Nisi</strong></span> <span class='ocrx_word' id='word_1_71' title='bbox 399 1423 432 1502; x_wconf 84' lang='lat' dir='ltr'><strong>p)</strong></span> <span class='ocrx_word' id='word_1_72' title='bbox 453 1419 536 1482; x_wconf 82' lang='lat' dir='ltr'><strong>forte</strong></span> <span class='ocrx_word' id='word_1_73' title='bbox 557 1419 649 1482; x_wconf 84' lang='lat' dir='ltr'><strong>famis</strong></span> <span class='ocrx_word' id='word_1_74' title='bbox 671 1418 858 1481; x_wconf 81' lang='lat' dir='ltr'><strong>necessitate</strong></span> <span class='ocrx_word' id='word_1_75' title='bbox 879 1426 1028 1500; x_wconf 81' lang='lat' dir='ltr'><strong>coactus,</strong></span> <span class='ocrx_word' id='word_1_76' title='bbox 1047 1429 1083 1481; x_wconf 88' lang='lat' dir='ltr'><strong>ut</strong></span> <span class='ocrx_word' id='word_1_77' title='bbox 1103 1421 1142 1481; x_wconf 88' lang='lat' dir='ltr'><strong>ab</strong></span> <span class='ocrx_word' id='word_1_78' title='bbox 1162 1419 1233 1500; x_wconf 89' lang='lat' dir='ltr'><strong>illo,</strong></span> 
     </span>
     <span class='ocr_line' id='line_1_13' title="bbox 130 1501 1233 1648; baseline 0.002 -84"><span class='ocrx_word' id='word_1_79' title='bbox 130 1503 270 1648; x_wconf 74' lang='lat' dir='ltr'><strong>quidlmc</strong></span> <span class='ocrx_word' id='word_1_80' title='bbox 290 1503 470 1587; x_wconf 82' lang='lat' dir='ltr'><strong>acceperit,</strong></span> <span class='ocrx_word' id='word_1_81' title='bbox 492 1510 704 1581; x_wconf 83' lang='lat' dir='ltr'><strong>sustentetur,</strong></span> <span class='ocrx_word' id='word_1_82' title='bbox 732 1501 891 1586; x_wconf 84' lang='lat' dir='ltr'><strong>mancipia</strong></span> <span class='ocrx_word' id='word_1_83' title='bbox 911 1502 1007 1564; x_wconf 82' lang='lat' dir='ltr'><strong>liceat</strong></span> <span class='ocrx_word' id='word_1_84' title='bbox 1028 1501 1080 1564; x_wconf 87' lang='lat' dir='ltr'><strong>illi</strong></span> <span class='ocrx_word' id='word_1_85' title='bbox 1100 1505 1176 1566; x_wconf 86' lang='lat' dir='ltr'><strong>dare</strong></span> <span class='ocrx_word' id='word_1_86' title='bbox 1196 1525 1233 1566; x_wconf 89' lang='lat' dir='ltr'><strong>ac</strong></span> 
     </span>
     <span class='ocr_line' id='line_1_14' title="bbox 131 1607 285 1652; baseline 0.013 -2"><span class='ocrx_word' id='word_1_87' title='bbox 131 1607 194 1650; x_wconf 82' lang='lat' dir='ltr'><strong>ven</strong></span> <span class='ocrx_word' id='word_1_88' title='bbox 220 1607 285 1652; x_wconf 87' lang='lat' dir='ltr'><strong>ere.</strong></span> 
     </span>
    </p>
   </div>
   <div class='ocr_carea' id='block_1_6' title="bbox 307 1699 1063 1772">
    <p class='ocr_par' dir='ltr' id='par_1_8' title="bbox 307 1699 1063 1772">
     <span class='ocr_line' id='line_1_15' title="bbox 307 1699 1063 1772; baseline -0.001 0"><span class='ocrx_word' id='word_1_89' title='bbox 307 1702 403 1772; x_wconf 76' lang='lat' dir='ltr'><strong>Tru.</strong></span> <span class='ocrx_word' id='word_1_90' title='bbox 426 1701 531 1772; x_wconf 87' lang='lat' dir='ltr'>XVI.</span> <span class='ocrx_word' id='word_1_91' title='bbox 581 1702 764 1771; x_wconf 77' lang='lat' dir='ltr'><strong>Deterret</strong></span> <span class='ocrx_word' id='word_1_92' title='bbox 788 1699 904 1770; x_wconf 80' lang='lat' dir='ltr'><strong>aliena</strong></span> <span class='ocrx_word' id='word_1_93' title='bbox 928 1703 1063 1772; x_wconf 83' lang='lat' dir='ltr'><strong>invasu.</strong></span> 
     </span>
    </p>
   </div>
   <div class='ocr_carea' id='block_1_7' title="bbox 130 1826 1276 2242">
    <p class='ocr_par' dir='ltr' id='par_1_9' title="bbox 130 1826 1276 2088">
     <span class='ocr_line' id='line_1_16' title="bbox 212 1826 1234 1910; baseline 0.004 -22"><span class='ocrx_word' id='word_1_94' title='bbox 212 1827 239 1891; x_wconf 92' lang='grc' dir='ltr'><strong>Ι.</strong></span> <span class='ocrx_word' id='word_1_95' title='bbox 281 1826 347 1907; x_wconf 87' lang='lat' dir='ltr'><strong>Qui</strong></span> <span class='ocrx_word' id='word_1_96' title='bbox 368 1837 485 1888; x_wconf 83' lang='lat' dir='ltr'><strong>terram</strong></span> <span class='ocrx_word' id='word_1_97' title='bbox 504 1849 594 1889; x_wconf 84' lang='lat' dir='ltr'><strong>suam</strong></span> <span class='ocrx_word' id='word_1_98' title='bbox 618 1838 803 1910; x_wconf 84' lang='lat' dir='ltr'><strong>occupatam</strong></span> <span class='ocrx_word' id='word_1_99' title='bbox 827 1828 865 1888; x_wconf 84' lang='lat' dir='ltr'><strong>ah</strong></span> <span class='ocrx_word' id='word_1_100' title='bbox 886 1827 988 1889; x_wconf 85' lang='lat' dir='ltr'><strong>altero</strong></span> <span class='ocrx_word' id='word_1_101' title='bbox 1015 1828 1155 1908; x_wconf 83' lang='lat' dir='ltr'><strong>dixerit,</strong></span> <span class='ocrx_word' id='word_1_102' title='bbox 1177 1831 1234 1892; x_wconf 90' lang='lat' dir='ltr'><strong>ad-</strong></span> 
     </span>
     <span class='ocr_line' id='line_1_17' title="bbox 130 1909 1276 1992; baseline -0.001 -21"><span class='ocrx_word' id='word_1_103' title='bbox 130 1909 242 1972; x_wconf 83' lang='lat' dir='ltr'><strong>hibitis</strong></span> <span class='ocrx_word' id='word_1_104' title='bbox 264 1911 390 1972; x_wconf 90' lang='lat' dir='ltr'><strong>idoneis</strong></span> <span class='ocrx_word' id='word_1_105' title='bbox 417 1909 566 1990; x_wconf 87' lang='lat' dir='ltr'><strong>testibus,</strong></span> <span class='ocrx_word' id='word_1_106' title='bbox 599 1911 713 1992; x_wconf 88' lang='lat' dir='ltr'><strong>probet</strong></span> <span class='ocrx_word' id='word_1_107' title='bbox 741 1930 919 1971; x_wconf 85' lang='lat' dir='ltr'><strong>camenam</strong></span> <span class='ocrx_word' id='word_1_108' title='bbox 940 1911 1060 1984; x_wconf 76' lang='lat' dir='ltr'><strong>fuisse3</strong></span> <span class='ocrx_word' id='word_1_109' title='bbox 1089 1912 1118 1974; x_wconf 86' lang='lat' dir='ltr'><strong>si</strong></span> <span class='ocrx_word' id='word_1_110' title='bbox 1136 1934 1235 1976; x_wconf 84' lang='lat' dir='ltr'><strong>occu·</strong></span> <span class='ocrx_word' id='word_1_111' title='bbox 1272 1961 1276 1970; x_wconf 94' lang='lat'>.</span> 
     </span>
     <span class='ocr_line' id='line_1_18' title="bbox 131 1991 864 2088; baseline 0.004 -38"><span class='ocrx_word' id='word_1_112' title='bbox 131 2001 225 2082; x_wconf 77' lang='lat' dir='ltr'><strong>petor</strong></span> <span class='ocrx_word' id='word_1_113' title='bbox 245 1991 497 2070; x_wconf 80' lang='lat' dir='ltr'><strong>contradixerit,</strong></span> <span class='ocrx_word' id='word_1_114' title='bbox 525 2013 636 2088; x_wconf 70' lang='lat' dir='ltr'><strong>cumpo</strong></span> <span class='ocrx_word' id='word_1_115' title='bbox 658 1991 864 2054; x_wconf 86' lang='lat' dir='ltr'><strong>diiudicetur.</strong></span> 
     </span>
    </p>

    <p class='ocr_par' dir='ltr' id='par_1_10' title="bbox 133 2071 1235 2242">
     <span class='ocr_line' id='line_1_19' title="bbox 216 2071 1235 2160; baseline 0.004 -26"><span class='ocrx_word' id='word_1_116' title='bbox 216 2075 256 2134; x_wconf 91' lang='lat'><strong>11.</strong></span> <span class='ocrx_word' id='word_1_117' title='bbox 298 2075 333 2135; x_wconf 90' lang='lat' dir='ltr'><strong>Si</strong></span> <span class='ocrx_word' id='word_1_118' title='bbox 355 2084 527 2156; x_wconf 80' lang='lat' dir='ltr'><strong>occupator</strong></span> <span class='ocrx_word' id='word_1_119' title='bbox 548 2074 608 2135; x_wconf 74' lang='lat' dir='ltr'><strong>sibu</strong></span> <span class='ocrx_word' id='word_1_120' title='bbox 624 2073 861 2136; x_wconf 82' lang='lat' dir='ltr'><strong>concrediderit</strong></span> <span class='ocrx_word' id='word_1_121' title='bbox 880 2076 925 2157; x_wconf 77' lang='lat' dir='ltr'><strong>q),</strong></span> <span class='ocrx_word' id='word_1_122' title='bbox 942 2072 1055 2138; x_wconf 85' lang='lat' dir='ltr'><strong>reddat</strong></span> <span class='ocrx_word' id='word_1_123' title='bbox 1069 2071 1132 2139; x_wconf 87' lang='lat' dir='ltr'><strong>hoc</strong></span> <span class='ocrx_word' id='word_1_124' title='bbox 1146 2074 1235 2160; x_wconf 85' lang='lat' dir='ltr'><strong>quod</strong></span> 
     </span>
     <span class='ocr_line' id='line_1_20' title="bbox 133 2155 1207 2242; baseline -0.004 -24"><span class='ocrx_word' id='word_1_125' title='bbox 133 2156 322 2242; x_wconf 82' lang='lat' dir='ltr'><strong>occupavit,</strong></span> <span class='ocrx_word' id='word_1_126' title='bbox 344 2178 409 2218; x_wconf 88' lang='lat' dir='ltr'><strong>nou</strong></span> <span class='ocrx_word' id='word_1_127' title='bbox 431 2155 579 2240; x_wconf 83' lang='lat' dir='ltr'><strong>amplius.</strong></span> <span class='ocrx_word' id='word_1_128' title='bbox 1206 2157 1207 2160; x_wconf 70' lang='grc'>’</span> 
     </span>
    </p>
   </div>
   <div class='ocr_carea' id='block_1_8' title="bbox 406 2303 956 2380">
    <p class='ocr_par' dir='ltr' id='par_1_11' title="bbox 406 2303 956 2380">
     <span class='ocr_line' id='line_1_21' title="bbox 406 2303 956 2380; baseline 0 -4"><span class='ocrx_word' id='word_1_129' title='bbox 406 2305 498 2380; x_wconf 74' lang='lat' dir='ltr'><strong>Tru.</strong></span> <span class='ocrx_word' id='word_1_130' title='bbox 523 2303 647 2377; x_wconf 88' lang='lat' dir='ltr'>XVII.</span> <span class='ocrx_word' id='word_1_131' title='bbox 696 2305 756 2376; x_wconf 93' lang='lat' dir='ltr'><strong>De</strong></span> <span class='ocrx_word' id='word_1_132' title='bbox 780 2305 956 2377; x_wconf 82' lang='lat' dir='ltr'><strong>exulibus.</strong></span> 
     </span>
    </p>
   </div>
   <div class='ocr_carea' id='block_1_9' title="bbox 132 2431 1298 2928">
    <p class='ocr_par' dir='ltr' id='par_1_12' title="bbox 132 2431 1298 2928">
     <span class='ocr_line' id='line_1_22' title="bbox 214 2431 1235 2516; baseline 0.002 -22"><span class='ocrx_word' id='word_1_133' title='bbox 214 2433 239 2500; x_wconf 85' lang='lat'><strong>1.</strong></span> <span class='ocrx_word' id='word_1_134' title='bbox 281 2433 379 2510; x_wconf 79' lang='lat' dir='ltr'><strong>Liber</strong></span> <span class='ocrx_word' id='word_1_135' title='bbox 398 2431 513 2512; x_wconf 87' lang='lat' dir='ltr'><strong>homo,</strong></span> <span class='ocrx_word' id='word_1_136' title='bbox 535 2432 593 2516; x_wconf 87' lang='lat' dir='ltr'><strong>qui</strong></span> <span class='ocrx_word' id='word_1_137' title='bbox 614 2432 674 2494; x_wconf 88' lang='lat' dir='ltr'><strong>sub</strong></span> <span class='ocrx_word' id='word_1_138' title='bbox 698 2432 799 2494; x_wconf 88' lang='lat' dir='ltr'><strong>tutela</strong></span> <span class='ocrx_word' id='word_1_139' title='bbox 822 2433 940 2496; x_wconf 80' lang='lat' dir='ltr'><strong>nobilia</strong></span> <span class='ocrx_word' id='word_1_140' title='bbox 960 2433 1140 2498; x_wconf 77' lang='lat' dir='ltr'><strong>cuiuslibet·</strong></span> <span class='ocrx_word' id='word_1_141' title='bbox 1157 2444 1235 2516; x_wconf 81' lang='lat' dir='ltr'><strong>erut,</strong></span> 
     </span>
     <span class='ocr_line' id='line_1_23' title="bbox 132 2514 1237 2598; baseline 0.001 -23"><span class='ocrx_word' id='word_1_142' title='bbox 132 2515 190 2598; x_wconf 90' lang='lat' dir='ltr'><strong>qui</strong></span> <span class='ocrx_word' id='word_1_143' title='bbox 203 2514 264 2576; x_wconf 90' lang='lat' dir='ltr'><strong>iam</strong></span> <span class='ocrx_word' id='word_1_144' title='bbox 281 2517 314 2576; x_wconf 91' lang='lat' dir='ltr'><strong>iu</strong></span> <span class='ocrx_word' id='word_1_145' title='bbox 328 2515 463 2578; x_wconf 87' lang='lat' dir='ltr'><strong>exilium</strong></span> <span class='ocrx_word' id='word_1_146' title='bbox 472 2517 585 2577; x_wconf 90' lang='lat' dir='ltr'><strong>missus</strong></span> <span class='ocrx_word' id='word_1_147' title='bbox 598 2525 665 2594; x_wconf 86' lang='lat' dir='ltr'><strong>est,</strong></span> <span class='ocrx_word' id='word_1_148' title='bbox 687 2516 714 2577; x_wconf 88' lang='lat' dir='ltr'><strong>si</strong></span> <span class='ocrx_word' id='word_1_149' title='bbox 727 2514 956 2577; x_wconf 82' lang='lat' dir='ltr'><strong>haereditatem</strong></span> <span class='ocrx_word' id='word_1_150' title='bbox 968 2539 1078 2595; x_wconf 83' lang='lat' dir='ltr'><strong>suam,</strong></span> <span class='ocrx_word' id='word_1_151' title='bbox 1100 2518 1237 2580; x_wconf 83' lang='lat' dir='ltr'><strong>necessi·</strong></span> 
     </span>
     <span class='ocr_line' id='line_1_24' title="bbox 133 2596 1236 2681; baseline 0 -22"><span class='ocrx_word' id='word_1_152' title='bbox 133 2608 197 2659; x_wconf 83' lang='lat' dir='ltr'><strong>tete</strong></span> <span class='ocrx_word' id='word_1_153' title='bbox 219 2609 366 2678; x_wconf 88' lang='lat' dir='ltr'><strong>coactus,</strong></span> <span class='ocrx_word' id='word_1_154' title='bbox 388 2599 529 2662; x_wconf 80' lang='lat' dir='ltr'><strong>rendere</strong></span> <span class='ocrx_word' id='word_1_155' title='bbox 543 2597 716 2675; x_wconf 67' lang='lat' dir='ltr'><strong>uoluerit,</strong></span> <span class='ocrx_word' id='word_1_156' title='bbox 745 2596 854 2658; x_wconf 83' lang='lat' dir='ltr'><strong>offerat</strong></span> <span class='ocrx_word' id='word_1_157' title='bbox 875 2619 944 2658; x_wconf 85' lang='lat' dir='ltr'><strong>eam</strong></span> <span class='ocrx_word' id='word_1_158' title='bbox 964 2598 1067 2680; x_wconf 87' lang='lat' dir='ltr'><strong>primo</strong></span> <span class='ocrx_word' id='word_1_159' title='bbox 1087 2599 1236 2681; x_wconf 86' lang='lat' dir='ltr'><strong>proximo</strong></span> 
     </span>
     <span class='ocr_line' id='line_1_25' title="bbox 133 2679 1235 2762; baseline -0.004 -20"><span class='ocrx_word' id='word_1_160' title='bbox 133 2703 213 2758; x_wconf 86' lang='lat' dir='ltr'><strong>sno,</strong></span> <span class='ocrx_word' id='word_1_161' title='bbox 233 2681 258 2742; x_wconf 89' lang='lat' dir='ltr'><strong>si</strong></span> <span class='ocrx_word' id='word_1_162' title='bbox 279 2682 336 2741; x_wconf 89' lang='lat' dir='ltr'><strong>ille</strong></span> <span class='ocrx_word' id='word_1_163' title='bbox 359 2701 465 2742; x_wconf 87' lang='lat' dir='ltr'><strong>emere</strong></span> <span class='ocrx_word' id='word_1_164' title='bbox 487 2680 648 2753; x_wconf 88' lang='lat' dir='ltr'><strong>noluerit,</strong></span> <span class='ocrx_word' id='word_1_165' title='bbox 671 2680 782 2740; x_wconf 81' lang='lat' dir='ltr'><strong>offerat</strong></span> <span class='ocrx_word' id='word_1_166' title='bbox 801 2680 900 2740; x_wconf 89' lang='lat' dir='ltr'><strong>tutori</strong></span> <span class='ocrx_word' id='word_1_167' title='bbox 921 2701 998 2758; x_wconf 82' lang='lat' dir='ltr'><strong>suc,</strong></span> <span class='ocrx_word' id='word_1_168' title='bbox 1027 2680 1079 2742; x_wconf 84' lang='lat' dir='ltr'><strong>vel</strong></span> <span class='ocrx_word' id='word_1_169' title='bbox 1097 2679 1164 2758; x_wconf 54' lang='lat' dir='ltr'><strong>ei„</strong></span> <span class='ocrx_word' id='word_1_170' title='bbox 1178 2679 1235 2762; x_wconf 90' lang='lat' dir='ltr'><strong>qni</strong></span> 
     </span>
     <span class='ocr_line' id='line_1_26' title="bbox 133 2762 1298 2846; baseline 0.002 -24"><span class='ocrx_word' id='word_1_171' title='bbox 133 2772 213 2823; x_wconf 87' lang='lat' dir='ltr'><strong>tunc</strong></span> <span class='ocrx_word' id='word_1_172' title='bbox 232 2785 250 2822; x_wconf 85' lang='lat' dir='ltr'><strong>a</strong></span> <span class='ocrx_word' id='word_1_173' title='bbox 271 2764 357 2845; x_wconf 81' lang='lat' dir='ltr'><strong>Rege</strong></span> <span class='ocrx_word' id='word_1_174' title='bbox 378 2783 475 2846; x_wconf 86' lang='lat' dir='ltr'><strong>super</strong></span> <span class='ocrx_word' id='word_1_175' title='bbox 493 2764 644 2845; x_wconf 79' lang='lat' dir='ltr'><strong>ipsusree</strong></span> <span class='ocrx_word' id='word_1_176' title='bbox 663 2762 855 2824; x_wconf 89' lang='lat' dir='ltr'><strong>constitutus</strong></span> <span class='ocrx_word' id='word_1_177' title='bbox 871 2771 926 2822; x_wconf 82' lang='lat' dir='ltr'><strong>est</strong></span> <span class='ocrx_word' id='word_1_178' title='bbox 969 2763 1003 2826; x_wconf 83' lang='lat' dir='ltr'><strong>si</strong></span> <span class='ocrx_word' id='word_1_179' title='bbox 1019 2784 1081 2824; x_wconf 87' lang='lat' dir='ltr'><strong>nec</strong></span> <span class='ocrx_word' id='word_1_180' title='bbox 1101 2762 1158 2825; x_wconf 90' lang='lat' dir='ltr'><strong>ille</strong></span> <span class='ocrx_word' id='word_1_181' title='bbox 1182 2784 1238 2826; x_wconf 80' lang='lat' dir='ltr'><strong>to·</strong></span> <span class='ocrx_word' id='word_1_182' title='bbox 1296 2803 1298 2806; x_wconf 94' lang='lat'>-</span> 
     </span>
     <span class='ocr_line' id='line_1_27' title="bbox 135 2844 960 2928; baseline 0.002 -24"><span class='ocrx_word' id='word_1_183' title='bbox 135 2844 255 2922; x_wconf 87' lang='lat' dir='ltr'><strong>luerit,</strong></span> <span class='ocrx_word' id='word_1_184' title='bbox 292 2844 412 2906; x_wconf 79' lang='lat' dir='ltr'><strong>vendet</strong></span> <span class='ocrx_word' id='word_1_185' title='bbox 444 2866 514 2906; x_wconf 83' lang='lat' dir='ltr'><strong>eum</strong></span> <span class='ocrx_word' id='word_1_186' title='bbox 541 2845 725 2928; x_wconf 89' lang='lat' dir='ltr'><strong>cuicunque</strong></span> <span class='ocrx_word' id='word_1_187' title='bbox 751 2844 900 2908; x_wconf 73' lang='lat' dir='ltr'><strong>voluerit.</strong></span> <span class='ocrx_word' id='word_1_188' title='bbox 921 2849 960 2919; x_wconf 82' lang='lat' dir='ltr'><strong>r]</strong></span> 
     </span>
    </p>
   </div>
   <div class='ocr_carea' id='block_1_10' title="bbox 308 2981 1049 3088">
    <p class='ocr_par' dir='ltr' id='par_1_13' title="bbox 308 2981 1049 3088">
     <span class='ocr_line' id='line_1_28' title="bbox 308 2981 1049 3088; baseline 0 -24"><span class='ocrx_word' id='word_1_189' title='bbox 308 2981 421 3064; x_wconf 76' lang='lat' dir='ltr'><strong>‘&#39;tru.</strong></span> <span class='ocrx_word' id='word_1_190' title='bbox 450 2995 592 3067; x_wconf 90' lang='lat' dir='ltr'>XVIII.</span> <span class='ocrx_word' id='word_1_191' title='bbox 642 2995 700 3064; x_wconf 89' lang='lat' dir='ltr'><strong>De</strong></span> <span class='ocrx_word' id='word_1_192' title='bbox 727 2995 783 3064; x_wconf 86' lang='lat' dir='ltr'><strong>liti</strong></span> <span class='ocrx_word' id='word_1_193' title='bbox 806 2995 977 3086; x_wconf 83' lang='lat' dir='ltr'><strong>coniugio</strong></span> <span class='ocrx_word' id='word_1_194' title='bbox 1001 2993 1049 3088; x_wconf 83' lang='lat' dir='ltr'><strong>s).</strong></span> 
     </span>
    </p>
   </div>
   <div class='ocr_carea' id='block_1_11' title="bbox 138 3101 1237 3349">
    <p class='ocr_par' dir='ltr' id='par_1_14' title="bbox 138 3101 1237 3349">
     <span class='ocr_line' id='line_1_29' title="bbox 214 3101 1237 3218; baseline 0 -35"><span class='ocrx_word' id='word_1_195' title='bbox 214 3121 245 3218; x_wconf 77' lang='lat' dir='ltr'><strong>I.</strong></span> <span class='ocrx_word' id='word_1_196' title='bbox 287 3120 361 3184; x_wconf 90' lang='lat' dir='ltr'><strong>Lito</strong></span> <span class='ocrx_word' id='word_1_197' title='bbox 385 3121 480 3204; x_wconf 82' lang='lat' dir='ltr'><strong>Regis</strong></span> <span class='ocrx_word' id='word_1_198' title='bbox 507 3121 604 3183; x_wconf 89' lang='lat' dir='ltr'><strong>liceat</strong></span> <span class='ocrx_word' id='word_1_199' title='bbox 640 3141 775 3182; x_wconf 87' lang='lat' dir='ltr'><strong>uxorem</strong></span> <span class='ocrx_word' id='word_1_200' title='bbox 804 3101 922 3199; x_wconf 84' lang='lat' dir='ltr'><strong>emere,</strong></span> <span class='ocrx_word' id='word_1_201' title='bbox 956 3120 1143 3206; x_wconf 79' lang='lat' dir='ltr'><strong>ubicunque</strong></span> <span class='ocrx_word' id='word_1_202' title='bbox 1177 3143 1237 3187; x_wconf 78' lang='lat' dir='ltr'><strong>ro-</strong></span> 
     </span>
     <span class='ocr_line' id='line_1_30' title="bbox 138 3205 1059 3349; baseline 0.002 -2"><span class='ocrx_word' id='word_1_203' title='bbox 138 3205 257 3348; x_wconf 59' lang='lat' dir='ltr'><strong>lwill.</strong></span> <span class='ocrx_word' id='word_1_204' title='bbox 300 3285 364 3348; x_wconf 91' lang='lat' dir='ltr'><strong>Sed</strong></span> <span class='ocrx_word' id='word_1_205' title='bbox 384 3307 448 3346; x_wconf 89' lang='lat' dir='ltr'><strong>uon</strong></span> <span class='ocrx_word' id='word_1_206' title='bbox 470 3285 568 3346; x_wconf 87' lang='lat' dir='ltr'><strong>liceat</strong></span> <span class='ocrx_word' id='word_1_207' title='bbox 588 3283 689 3346; x_wconf 84' lang='lat' dir='ltr'><strong>ullam</strong></span> <span class='ocrx_word' id='word_1_208' title='bbox 709 3285 886 3348; x_wconf 73' lang='lat' dir='ltr'><strong>foeminam</strong></span> <span class='ocrx_word' id='word_1_209' title='bbox 906 3285 1059 3349; x_wconf 85' lang='lat' dir='ltr'><strong>vendere.</strong></span> 
     </span>
    </p>
   </div>
   <div class='ocr_carea' id='block_1_12' title="bbox 450 3398 997 3504">
    <p class='ocr_par' dir='ltr' id='par_1_15' title="bbox 450 3398 997 3534">
     <span class='ocr_line' id='line_1_31' title="bbox 450 3398 997 3504; baseline -0.002 -1"><span class='ocrx_word' id='word_1_210' title='bbox 450 3435 540 3504; x_wconf 70' lang='lat' dir='ltr'><strong>ru.</strong></span> <span class='ocrx_word' id='word_1_211' title='bbox 566 3433 673 3503; x_wconf 75' lang='lat' dir='ltr'><strong>xix.</strong></span> <span class='ocrx_word' id='word_1_212' title='bbox 723 3434 783 3504; x_wconf 69' lang='lat' dir='ltr'><strong>ue</strong></span> <span class='ocrx_word' id='word_1_213' title='bbox 805 3435 938 3504; x_wconf 69' lang='lat' dir='ltr'><strong>sonus.</strong></span> <span class='ocrx_word' id='word_1_214' title='bbox 994 3398 997 3403; x_wconf 77' lang='grc'><strong>’</strong></span> 
     </span>
    </p>
   </div>
   <div class='ocr_carea' id='block_1_13' title="bbox 138 3554 1270 3956">
    <p class='ocr_par' dir='ltr' id='par_1_16' title="bbox 138 3554 1270 3956">
     <span class='ocr_line' id='line_1_32' title="bbox 218 3554 1270 3647; baseline -0.002 -21"><span class='ocrx_word' id='word_1_215' title='bbox 218 3562 246 3626; x_wconf 90' lang='grc' dir='ltr'><strong>Ι.</strong></span> <span class='ocrx_word' id='word_1_216' title='bbox 288 3561 417 3624; x_wconf 90' lang='lat' dir='ltr'><strong>Solidus</strong></span> <span class='ocrx_word' id='word_1_217' title='bbox 431 3571 477 3622; x_wconf 90' lang='lat' dir='ltr'><strong>est</strong></span> <span class='ocrx_word' id='word_1_218' title='bbox 495 3561 626 3644; x_wconf 88' lang='lat' dir='ltr'><strong>duplex,</strong></span> <span class='ocrx_word' id='word_1_219' title='bbox 649 3582 731 3621; x_wconf 87' lang='lat' dir='ltr'><strong>uuus</strong></span> <span class='ocrx_word' id='word_1_220' title='bbox 745 3559 840 3621; x_wconf 80' lang='lat' dir='ltr'><strong>habet</strong></span> <span class='ocrx_word' id='word_1_221' title='bbox 856 3561 936 3622; x_wconf 85' lang='lat' dir='ltr'><strong>duos</strong></span> <span class='ocrx_word' id='word_1_222' title='bbox 957 3554 1236 3643; x_wconf 71' lang='lat' dir='ltr'><strong>tremisses,&#39;quod</strong></span> <span class='ocrx_word' id='word_1_223' title='bbox 1266 3635 1270 3647; x_wconf 85' lang='lat'><strong>.</strong></span> 
     </span>
     <span class='ocr_line' id='line_1_33' title="bbox 138 3642 1235 3723; baseline -0.005 -14"><span class='ocrx_word' id='word_1_224' title='bbox 138 3657 185 3710; x_wconf 85' lang='lat' dir='ltr'><strong>est</strong></span> <span class='ocrx_word' id='word_1_225' title='bbox 208 3656 236 3722; x_wconf 77' lang='lat' dir='ltr'><strong>t)</strong></span> <span class='ocrx_word' id='word_1_226' title='bbox 265 3646 323 3706; x_wconf 85' lang='lat' dir='ltr'><strong>bos¹</strong></span> <span class='ocrx_word' id='word_1_227' title='bbox 350 3645 542 3722; x_wconf 76' lang='lat' dir='ltr'><strong>annIculus,</strong></span> <span class='ocrx_word' id='word_1_228' title='bbox 574 3642 744 3706; x_wconf 89' lang='lat' dir='ltr'><strong>duodecim</strong></span> <span class='ocrx_word' id='word_1_229' title='bbox 774 3644 950 3723; x_wconf 84' lang='lat' dir='ltr'><strong>meusium,</strong></span> <span class='ocrx_word' id='word_1_230' title='bbox 987 3645 1041 3706; x_wconf 85' lang='lat' dir='ltr'><strong>vel</strong></span> <span class='ocrx_word' id='word_1_231' title='bbox 1068 3645 1133 3713; x_wconf 75' lang='lat' dir='ltr'><strong>culs</strong></span> <span class='ocrx_word' id='word_1_232' title='bbox 1161 3665 1235 3704; x_wconf 89' lang='lat' dir='ltr'><strong>cum</strong></span> 
     </span>
     <span class='ocr_line' id='line_1_34' title="bbox 138 3751 1236 3904; baseline 0.001 -33"><span class='ocrx_word' id='word_1_233' title='bbox 138 3751 263 3904; x_wconf 43' lang='lat' dir='ltr'><strong>uguoh,</strong></span> <span class='ocrx_word' id='word_1_234' title='bbox 303 3769 542 3872; x_wconf 75' lang='lat' dir='ltr'><strong>Alter&#39;solidus</strong></span> <span class='ocrx_word' id='word_1_235' title='bbox 573 3815 637 3870; x_wconf 90' lang='lat' dir='ltr'><strong>tres</strong></span> <span class='ocrx_word' id='word_1_236' title='bbox 669 3805 853 3888; x_wconf 81' lang='lat' dir='ltr'><strong>tremisses,</strong></span> <span class='ocrx_word' id='word_1_237' title='bbox 890 3807 923 3869; x_wconf 87' lang='lat' dir='ltr'><strong>id</strong></span> <span class='ocrx_word' id='word_1_238' title='bbox 960 3815 1028 3886; x_wconf 87' lang='lat' dir='ltr'><strong>est,</strong></span> <span class='ocrx_word' id='word_1_239' title='bbox 1056 3809 1115 3871; x_wconf 90' lang='lat' dir='ltr'><strong>hos</strong></span> <span class='ocrx_word' id='word_1_240' title='bbox 1143 3805 1236 3872; x_wconf 82' lang='lat' dir='ltr'>XVI.</span> 
     </span>
     <span class='ocr_line' id='line_1_35' title="bbox 138 3915 306 3956; baseline -0.012 -2"><span class='ocrx_word' id='word_1_241' title='bbox 138 3915 306 3956; x_wconf 75' lang='lat' dir='ltr'><strong>mensium.</strong></span> 
     </span>
    </p>
   </div>
   <div class='ocr_carea' id='block_1_14' title="bbox 147 4038 271 4050">
    <p class='ocr_par' dir='ltr' id='par_1_17' title="bbox 147 4038 271 4050">
     <span class='ocr_line' id='line_1_36' title="bbox 147 4038 271 4050; baseline -0.016 0"><span class='ocrx_word' id='word_1_242' title='bbox 147 4038 271 4050; x_wconf 75' lang='lat' dir='ltr'><strong>—n—</strong></span> 
     </span>
    </p>
   </div>
   <div class='ocr_carea' id='block_1_15' title="bbox 136 4102 1239 4338">
    <p class='ocr_par' dir='ltr' id='par_1_18' title="bbox 136 4102 1239 4338">
     <span class='ocr_line' id='line_1_37' title="bbox 209 4102 1239 4195; baseline -0.006 -18"><span class='ocrx_word' id='word_1_243' title='bbox 209 4125 237 4195; x_wconf 84' lang='lat' dir='ltr'><strong>o)</strong></span> <span class='ocrx_word' id='word_1_244' title='bbox 254 4125 330 4177; x_wconf 86' lang='lat' dir='ltr'><strong>Lind.</strong></span> <span class='ocrx_word' id='word_1_245' title='bbox 349 4125 398 4177; x_wconf 77' lang='lat' dir='ltr'><strong>vel</strong></span> <span class='ocrx_word' id='word_1_246' title='bbox 413 4127 533 4178; x_wconf 80' lang='lat' dir='ltr'><strong>alienum</strong></span> <span class='ocrx_word' id='word_1_247' title='bbox 549 4143 645 4193; x_wconf 81' lang='lat' dir='ltr'><strong>sepem.</strong></span> <span class='ocrx_word' id='word_1_248' title='bbox 713 4121 744 4194; x_wconf 79' lang='lat' dir='ltr'><strong>p)</strong></span> <span class='ocrx_word' id='word_1_249' title='bbox 761 4121 841 4176; x_wconf 85' lang='lat' dir='ltr'><strong>Lind.</strong></span> <span class='ocrx_word' id='word_1_250' title='bbox 869 4140 918 4176; x_wconf 84' lang='lat' dir='ltr'><strong>nec</strong></span> <span class='ocrx_word' id='word_1_251' title='bbox 944 4120 1066 4174; x_wconf 75' lang='lat' dir='ltr'><strong>heredem</strong></span> <span class='ocrx_word' id='word_1_252' title='bbox 1082 4102 1159 4172; x_wconf 77' lang='lat' dir='ltr'><strong>suum</strong></span> <span class='ocrx_word' id='word_1_253' title='bbox 1178 4117 1239 4172; x_wconf 76' lang='lat' dir='ltr'><strong>ext.</strong></span> 
     </span>
     <span class='ocr_line' id='line_1_38' title="bbox 136 4188 1239 4268; baseline -0.004 -20"><span class='ocrx_word' id='word_1_254' title='bbox 136 4197 245 4268; x_wconf 71' lang='lat' dir='ltr'><strong>facta13</strong></span> <span class='ocrx_word' id='word_1_255' title='bbox 273 4199 327 4248; x_wconf 81' lang='lat' dir='ltr'><strong>nisi</strong></span> <span class='ocrx_word' id='word_1_256' title='bbox 345 4207 394 4248; x_wconf 86' lang='lat' dir='ltr'><strong>etc.</strong></span> <span class='ocrx_word' id='word_1_257' title='bbox 477 4196 506 4266; x_wconf 81' lang='lat' dir='ltr'><strong>q)</strong></span> <span class='ocrx_word' id='word_1_258' title='bbox 533 4196 629 4262; x_wconf 78' lang='lat' dir='ltr'><strong>Spang.</strong></span> <span class='ocrx_word' id='word_1_259' title='bbox 649 4201 677 4246; x_wconf 87' lang='lat' dir='ltr'><strong>et</strong></span> <span class='ocrx_word' id='word_1_260' title='bbox 695 4194 770 4244; x_wconf 71' lang='lat' dir='ltr'><strong>Lind⁶</strong></span> <span class='ocrx_word' id='word_1_261' title='bbox 790 4192 978 4248; x_wconf 79' lang='lat' dir='ltr'><strong>recrediderit.</strong></span> <span class='ocrx_word' id='word_1_262' title='bbox 1060 4193 1093 4262; x_wconf 86' lang='lat' dir='ltr'><strong>r)</strong></span> <span class='ocrx_word' id='word_1_263' title='bbox 1111 4188 1192 4244; x_wconf 82' lang='lat' dir='ltr'><strong>Corb.</strong></span> <span class='ocrx_word' id='word_1_264' title='bbox 1209 4197 1239 4244; x_wconf 87' lang='lat' dir='ltr'><strong>et</strong></span> 
     </span>
     <span class='ocr_line' id='line_1_39' title="bbox 144 4261 1229 4338; baseline -0.003 -21"><span class='ocrx_word' id='word_1_265' title='bbox 144 4268 239 4338; x_wconf 78' lang='lat' dir='ltr'><strong>Spang.</strong></span> <span class='ocrx_word' id='word_1_266' title='bbox 258 4269 376 4323; x_wconf 76' lang='lat' dir='ltr'><strong>libuerit</strong></span> <span class='ocrx_word' id='word_1_267' title='bbox 449 4263 481 4336; x_wconf 73' lang='lat' dir='ltr'><strong>a)</strong></span> <span class='ocrx_word' id='word_1_268' title='bbox 501 4264 576 4321; x_wconf 78' lang='lat' dir='ltr'><strong>hlud.</strong></span> <span class='ocrx_word' id='word_1_269' title='bbox 594 4265 626 4318; x_wconf 80' lang='lat' dir='ltr'><strong>de</strong></span> <span class='ocrx_word' id='word_1_270' title='bbox 645 4265 784 4334; x_wconf 76' lang='lat' dir='ltr'><strong>rorsiugio.</strong></span> <span class='ocrx_word' id='word_1_271' title='bbox 853 4262 881 4335; x_wconf 84' lang='lat' dir='ltr'><strong>t)</strong></span> <span class='ocrx_word' id='word_1_272' title='bbox 899 4261 972 4317; x_wconf 79' lang='lat' dir='ltr'><strong>tud.</strong></span> <span class='ocrx_word' id='word_1_273' title='bbox 993 4262 1042 4336; x_wconf 77' lang='lat' dir='ltr'><strong>qui</strong></span> <span class='ocrx_word' id='word_1_274' title='bbox 1059 4275 1107 4316; x_wconf 82' lang='lat' dir='ltr'><strong>est.</strong></span> <span class='ocrx_word' id='word_1_275' title='bbox 1145 4295 1147 4306; x_wconf 44' lang='grc' dir='ltr'><em>ι</em></span> <span class='ocrx_word' id='word_1_276' title='bbox 1222 4295 1229 4332; x_wconf 68' lang='lat'><strong>3</strong></span> 
     </span>
    </p>
   </div>
   <div class='ocr_carea' id='block_1_16' title="bbox 0 0 1466 5020">
    <p class='ocr_par' dir='ltr' id='par_1_19' title="bbox 0 0 1466 5020">
     <span class='ocr_line' id='line_1_40' title="bbox 0 0 1466 5020; baseline 0 0"><span class='ocrx_word' id='word_1_277' title='bbox 0 0 1466 5020; x_wconf 95' lang='lat' dir='ltr'><strong> </strong></span> 
     </span>
    </p>
   </div>
  </div>
 </body>
</html>
