2906 5008
350 338 455 395 trois
473 317 748 397 esruvsmoaoo'r
765 335 837 398 rtr.
857 303 923 410 in,
939 343 1016 415 car.
1035 343 1057 400 s.
1183 321 1255 405 25³5

151 497 310 558 nusquam
324 474 464 538 inveniri
483 478 672 557 dinoscitur,
695 503 755 544 nec
773 480 941 564 utriusque
959 482 1157 550 invasionem
1173 511 1258 552 com·

148 580 285 641 pensare
304 561 478 638 voluerint,
502 571 579 622 tnnc
601 564 779 645 spondeant
811 563 951 626 invicem
972 565 1143 633 ‹welradinc
1166 574 1258 654 quod

148 641 308 718 dicimus,
341 651 374 702 ct
399 643 441 710 in
463 645 646 727 campiones
674 667 739 706 non
768 645 964 726 sortiantur,
998 651 1054 712 sed
1086 653 1139 717 eni
1166 657 1255 730 Deus

147 723 278 784 fortiam
303 731 337 798 z)
359 724 486 786 dederit
504 737 537 788 et
558 728 742 808 victoriam,
763 726 925 813 adipsius'
944 735 1255 820 partemdeaiguatc
1286 729 1298 738 ⁸

126 826 231 890 pars,
255 813 290 867 ut
314 807 451 890 quaerit,
470 809 641 892 pertineat.
1058 817 1060 824 “

372 959 452 1020 Car.
473 953 532 1018 Vi.
571 959 627 1022 De
653 955 1004 1029 iacentiboseotumm's.

229 1089 254 1151 1.
295 1086 329 1150 Si
347 1086 429 1172 quis,
451 1086 638 1170 priusquam
660 1086 750 1148 finita
770 1087 870 1152 fuerit
893 1093 1081 1172 eontentio,
1102 1116 1162 1179 per
1187 1097 1254 1160 fon

146 1172 222 1236 tiam
241 1172 392 1233 aedificia·
408 1171 534 1232 elevare
556 1170 714 1249 voluerit,
738 1179 770 1234 et
795 1193 812 1233 e
836 1173 997 1235 contrario
1020 1173 1076 1237 ille
1098 1178 1179 1240 alter
1203 1175 1252 1240 ia-

145 1255 292 1317 centibus
315 1253 474 1316 cotumnis
500 1252 748 1330 contradixerit,
779 1259 813 1315 et
832 1252 907 1316 inde
937 1265 1051 1325 testem
1078 1257 1248 1340 habuerit,

144 1346 179 1398 et
210 1338 236 1398 is
261 1347 392 1419 propter
414 1333 646 1396 contumaciam
673 1335 741 1418 legi
775 1336 994 1420 obtemperare
1022 1340 1186 1422 notuerit,
1208 1354 1248 1421 ,et

142 1428 248 1480 cetera
261 1419 405 1480 aedificia
418 1418 501 1500 sepis
514 1416 725 1479 conclusione
740 1417 922 1496 firmaverit,
931 1430 1009 1482 tunc
1020 1419 1118 1485 dicat:
1129 1423 1253 1491 Emun-

142 1501 183 1562 da
203 1501 406 1563 territorium
428 1522 535 1560 meum
558 1517 660 1582 usqne
681 1499 721 1560 ad
740 1498 821 1583 legis
844 1501 1101 1584 perfruitionems
1129 1518 1162 1569 et
1191 1509 1258 1570 iilex

140 1604 159 1644 e
183 1586 345 1644 contrario
368 1583 512 1643 insnum
534 1582 612 1643 dicit
634 1581 776 1665 posuisse
799 1592 831 1644 et
847 1586 1022 1648 emundare
1045 1587 1175 1652 minime
1193 1585 1249 1652 de*

138 1664 237 1738 bere;
270 1667 328 1729 iste
356 1686 432 1728 vero
463 1664 559 1726 dicit:
579 1665 648 1750 Ego
670 1674 782 1727 testem
804 1663 907 1728 haheo
929 1667 1018 1750 quod
1037 1669 1096 1740 tihi
1116 1672 1250 1734 iacenti·

137 1747 199 1810 bus
220 1748 382 1812 columnis
406 1746 605 1816 contradixi;
638 1756 716 1810 tune
737 1757 832 1810 testes
863 1748 1007 1812 iurantes
1027 1753 1246 1818 testimonium
1294 1754 1295 1763 ’

136 1833 335 1914 praeferunt,
358 1839 389 1894 et
407 1852 481 1892 cum
499 1827 718 1912 campionibus
741 1829 974 1894 determinetur
993 1835 1162 1903 sententia.
1199 1831 1202 1836 ’

222 1915 263 1977 11.
303 1915 341 1974 In
366 1912 479 1974 ceteris
509 1911 695 1974 huiusmodi
721 1911 878 1975 ‘aedificiis
908 1923 940 1976 et
968 1911 1084 1977 horum
1106 1914 1244 1982 conclus*

135 1992 283 2058 sionibus
302 1995 488 2058 nuliatenus
518 1993 696 2062 testificatio
728 1995 897 2076 consistat,
930 1993 987 2058 sed
1019 1998 1045 2058 is
1073 2006 1128 2084 qui
1158 1997 1245 2064 aetii&

136 2077 266 2156 fieuvit,
317 2097 391 2140 cum
418 2099 475 2140 sua
513 2077 585 2158 lege
613 2077 774 2139 defendat.
802 2077 855 2138 'Si
880 2079 988 2140 autem
1014 2083 1112 2145 curtis
1136 2079 1243 2147 adhud

135 2160 262 2222 cinctus
283 2183 348 2222 non
371 2160 488 2236 fuerit,
521 2159 578 2221 itte
606 2159 663 2242 qui
685 2159 861 2221 defender'e
881 2161 1040 2241 voluerit,
1072 2164 1168 2249 iactet
1194 2189 1245 2252 se3

134 2263 247 2304 curem
274 2244 359 2326 saiga
389 2246 548 2306 valentem
577 2251 689 2304 eontra
715 2239 904 2320 meridiem,
930 2243 1112 2325 orientem,
1143 2246 1241 2332 atque

133 2324 352 2387 occidentem:
382 2330 417 2402 (a
442 2324 660 2408 septentrione
689 2343 767 2385 vero
798 2333 834 2384 ut
861 2325 973 2387 umbra
993 2325 1029 2424 o)
1062 2328 1241 2414 pertingit,

131 2408 271 2493 amplius
292 2429 357 2470 non
381 2417 480 2492 ponat
499 2427 608 2492 sepem
630 2404 693 2467 uisi
714 2405 923 2468 determinata
942 2409 1043 2473 suerit
1062 2413 1240 2477 contentio.

337 2557 417 2623 Cir.
438 2557 514 2623 VII.
543 2533 610 2621 De
630 2557 771 2617 materiis
799 2577 862 2619 non
889 2556 1032 2620 elevatis.

213 2697 238 2763 1.
282 2696 316 2759 si
354 2696 471 2779 aliquis
502 2693 639 2756 alicuius
665 2692 829 2758 materiam
855 2691 896 2756 in'
916 2695 997 2760 silva
1029 2705 1085 2759 aut
1104 2709 1238 2784 propter

129 2777 315 2842 inimicitias
336 2781 389 2842 rel
414 2778 570 2841 iuvidiam
591 2777 806 2856 truncaverit,
835 2779 888 2843 vel
910 2777 1055 2860 laeserit,
1077 2801 1152 2845 cum
1172 2775 1236 2845 aliti

127 2861 408 2940 aimiiirestituat‚
439 2870 471 2924 et
492 2882 566 2923 cum
586 2859 689 2922 solido
710 2881 777 2922 uuo
797 2868 977 2944 componat,
1130 2937 1133 2944 ⁴
1184 2919 1186 2922 .

212 2945 253 3005 11.
294 2946 336 3006 Et
355 2945 381 3005 si
403 2966 441 3006 ea
461 2943 521 3006 sibi
544 2942 577 3002 in
601 2963 695 3002 usum
716 2942 856 3022 miserit,
880 2942 942 3006 nisi
963 2965 1021 3027 per
1033 2945 1239 3034 conveniepg

127 3025 205 3086 tiam
226 3049 289 3088 nou
312 3036 434 3109 potest,
456 3026 552 3088 debet
566 3025 597 3086 ei
616 3045 691 3086 cum
711 3024 774 3085 alia
795 3026 825 3102 b)
846 3026 973 3109 placare
1001 3027 1041 3089 ad
1064 3025 1243 3094 restituere·-

68 3155 73 3164 .
127 3109 207 3171 dum
229 3119 263 3173 et
282 3109 513 3187 consolido,
531 3107 609 3170 dum
628 3106 729 3193 ipsam
747 3105 862 3189 habet,
891 3117 1071 3195 componat.

311 3308 516 3398 'rmxlt
566 3308 638 3381 De
679 3297 1053 3404 pignoribus·

347 3485 427 3552 Cre.
447 3487 473 3554 1.
518 3483 561 3548 Ut
581 3485 699 3548 nemini
718 3484 813 3558 liceat
828 3484 1014 3570 pignorare·
1124 3495 1128 3504 ’

207 3625 237 3694 Ι.
274 3625 450 3710 Pignorare
474 3623 597 3688 nemini
623 3625 719 3686 liceat
740 3622 802 3685 nisi
826 3645 885 3705 per
909 3623 1083 3686 iussionem
1102 3625 1230 3692 iudicis⁴

209 3708 256 3771 ll.
297 3710 331 3770 Si
352 3711 436 3771 forte
464 3718 512 3771 est
543 3708 661 3789 aliquis
688 3704 785 3766 homo
817 3715 880 3766 tam
900 3705 999 3766 durus
1028 3708 1080 3768 vel·
1107 3707 1223 3770 inobe-

125 3791 220 3854 diens
241 3801 295 3870 aut
315 3803 502 3869 contumax,
532 3789 663 3852 rebeliis
688 3786 861 3865 iustitiae,
878 3786 934 3870 qui
958 3808 1023 3848 non
1046 3788 1116 3849 volt
1137 3801 1227 3854 recte

124 3874 339 3955 respondere,
379 3894 444 3935 non
471 3873 541 3935 ruit
566 3871 718 3933 iustitiam
740 3871 866 3949 facere,
900 3869 959 3930 ilie
984 3877 1032 3933 est
1063 3879 1227 3957 contemp·

25 4007 28 4014 .
124 3964 177 4017 tor
197 3957 300 4040 legis,
330 3955 402 4019 tatis
427 3955 678 4040 distringatura
707 3951 828 4018 iudice·
1057 3957 1059 3961 ’

193 4185 222 4256 2)
239 4185 281 4238 n.
298 4203 360 4244 mss.
378 4161 456 4260 ouem
473 4187 547 4239 Deus
561 4186 713 4254 &reterens
753 4175 797 4255 a)
814 4184 855 4239 al.
873 4179 933 4237 mss.
954 4184 992 4236 ad
1005 4197 1182 4267 septennem
1198 4197 1229 4238 ut

120 4254 223 4310 umbra
239 4270 311 4324 σιω
324 4256 363 4310 ad
376 4269 554 4328 septennem
580 4257 635 4309 nisi
652 4268 682 4308 ut
700 4255 796 4308 cribro
812 4267 887 4310 eter-
917 4253 963 4317 ὖ)
973 4255 1070 4309 Batus,
1086 4271 1115 4307 us
1132 4252 1229 4318 motin.
