2826 4998
609 303 816 362 palasano.
964 326 968 334 ¹
1211 327 1214 338 ·
1228 307 1266 360 XI

157 483 224 568 ipse
253 490 364 560 tenet,
397 476 622 564 suppeditavit.
671 476 824 541 Edictum
846 473 1043 540 Theoderici
1067 477 1153 558 dedi,
1182 477 1266 541 sicut

155 599 219 660 iam
241 598 409 680 vulgatum
432 596 578 662 habetur.

148 747 154 756 ·
237 695 427 794 A'd'Legem
447 709 703 794 ,Wisigotharum
722 707 947 796 percommoda
969 707 1050 770 mihi
1079 708 1170 771 venit
1197 708 1268 772 edi·

153 830 201 894 tio
224 829 400 913 Hispanico
412 827 465 910 s),
496 818 692 890 nonnuliis
713 826 832 890 elohinc
854 825 948 888 annis
970 824 1117 908 belgam,
1142 824 1176 884 iu
1203 844 1269 908 qna

154 946 298 1010 editores
323 953 456 1028 praeter
485 941 760 1028 Lindenbroginm
788 961 906 1006 novem
927 941 1070 1007 ‘Codices
1097 941 1140 1002 in·
1162 940 1268 1001 mani-

147 1059 219 1123 ·bns
249 1081 285 1123 ee
316 1057 466 1122 habuisse
495 1057 657 1126 nuntiant.
715 1059 778 1122 Sed
812 1080 888 1124 cave
920 1079 961 1121 ne
992 1058 1174 1122 absolutum
1204 1057 1267 1120 hoc

147 1195 239 1260 'opus
268 1183 371 1258 pules.
416 1175 511 1236 Nam„
531 1172 630 1234 editio
657 1172 891 1257 Lindenbrogii
925 1194 990 1235 non
1021 1174 1126 1235 solum
1157 1171 1267 1256 plures

155 1290 411 1375 legescouliuet
431 1287 517 1373 apud
536 1289 725 1373 Hispanicos
745 1289 884 1352 editores
906 1289 1051 1370 omissas,
1082 1289 1140 1352 sed
1171 1287 1267 1350 etiam

157 1428 226 1468 non
257 1427 329 1469 raro
357 1403 529 1490 praecipue
551 1405 585 1467 in
605 1406 787 1491 prioribus,
817 1427 874 1470 sex
900 1406 1004 1470 Libris
1025 1400 1123 1490 longe
1153 1405 1268 1489 proba-

156 1523 272 1585 tiorem
291 1519 471 1584 lectionem
492 1520 593 1600 sistit,
616 1521 704 1604 quod
725 1521 835 1584 multis
859 1522 1023 1606 ,exemplis
1051 1522 1268 1582 demonstrare

150 1657 293 1722 possem.
344 1637 492 1698 Attamen
523 1645 556 1700 et
584 1637 780 1704 contrarium
803 1636 924 1699 xhorum
955 1636 1151 1720 quandoque
1182 1634 1269 1698 acci-

156 1753 241 1816 disse
268 1753 437 1814 falendum
463 1761 519 1816 eal.
544 1729 732 1816 ¹Caeterum
758 1754 866 1816 ambae
888 1753 1045 1816 editiones
1068 1753 1100 1813 in
1131 1753 1269 1836 singulis

147 1867 284 1952 ‘legibus
313 1867 458 1930 locandis
486 1867 612 1952 saepius
637 1868 850 1958 uehementer
881 1869 1038 1931 aberrant.
1080 1870 1185 1952 Ergo,
1207 1868 1268 1932 hac

147 1983 193 2044 iu
220 2004 276 2061 re,
306 1983 350 2043 ita
369 1992 512 2046 versatus
532 2003 623 2062 snm,
662 1991 843 2044 ut-aervalo
877 1981 991 2044 ordine
1013 1984 1089 2045 libri
1120 1983 1268 2045 Linden-

155 2099 282 2185 brogii,
315 2121 353 2161 ea
379 2119 462 2183 qnae
492 2107 523 2160 et
544 2100 678 2182 meliora
700 2108 733 2160 et
762 2098 912 2161 uberiora
947 2101 981 2160 in
1013 2100 1115 2160 allero
1144 2110 1269 2176 essent,

157 2227 215 2277 aut
242 2216 276 2276 in
303 2224 427 2277 textum
447 2215 502 2277 nbi
524 2214 690 2276 commode
712 2213 783 2276 fieri
805 2223 925 2298 posset,
954 2224 1009 2276 ant
1030 2211 1077 2276 in'
1097 2224 1186 2276 nolus
1213 2225 1268 2276 aut

157 2332 194 2391 in
222 2331 444 2414 supplementa
471 2329 548 2412 Legi
580 2329 688 2391 addita
718 2329 947 2413 assumpserim.
1001 2330 1177 2392 Minulioro
1207 2351 1264 2391 au·

145 2431 243 2524 ¹lem,
266 2463 405 2527 qnorum
425 2465 538 2526 magna
559 2443 655 2528 copia·
674 2449 737 2522 est,
765 2444 893 2528 penitus
914 2443 1053 2526 neglexi.
1095 2447 1268 2508 Praeterea

156 2556 305 2645 quinque
327 2559 461 2622 Codices
480 2558 592 2643 Regii,
632 2579 770 2642 qnorum
798 2581 892 2622 usum
932 2559 1082 2645 Bonquet
1101 2566 1137 2642 g)
1173 2561 1269 2640 fecit,

148 2697 226 2741 ‘non
256 2699 330 2740 raro
364 2676 557 2739 consulendi
585 2677 730 2738 luerunt.

149 2823 154 2830 ·
238 2794 391 2876 Denique
413 2793 446 2853 in
468 2794 553 2877 Lege
578 2792 857 2875 Langobardorum
883 2791 1008 2854 edenda
1029 2813 1112 2855 nova
1138 2791 1265 2856 ratione

158 2929 234 2972 usus
258 2931 338 2972 eum.
379 2908 468 2969 Hanc
494 2909 613 2990 Legem
638 2907 666 2969 si
693 2906 834 2989 singulae
860 2908 930 2970 eius
956 2917 1060 2991 parles
1086 2917 1207 2992 spectus
1232 2910 1265 2970 in

51 3060 57 3066 -
156 3024 237 3085 duas
258 3022 374 3084 classes
402 3023 488 3084 abire
511 3032 645 3094 constat,
676 3044 773 3084 unam
796 3044 878 3106 qnae
902 3023 1017 3085 Edicta
1040 3026 1162 3108 Regum
1185 3029 1268 3086 Lan·

159 3138 389 3222 gobaralorum,
422 3139 553 3198 alterum
580 3159 661 3220 quae
691 3137 839 3220 Capitale
864 3139 988 3221 Regum
1014 3141 1212 3201 Francorum
1235 3152 1268 3203 et

157 3254 391 3338 imperatorum
412 3253 477 3314 illis
501 3253 624 3316 Edictis
649 3253 802 3337 paulatim
824 3254 932 3316 addila
960 3255 1116 3318 continet.
1159 3258 1269 3319 Poste-

157 3369 252 3433 rioria
275 3368 397 3431 ordinis
416 3369 505 3451 leges
527 3391 599 3430 cnm
624 3368 759 3430 maxima
782 3389 822 3429 ex
846 3378 935 3454 parte
962 3369 1047 3432 iuter
1069 3371 1266 3455 capitularia

157 3487 266 3548 locum
293 3493 430 3563 sumant,
453 3483 546 3546 initio
573 3485 701 3568 penitus
729 3486 917 3549 omittendas
942 3496 997 3548 ant
1024 3509 1088 3549 non
1113 3488 1174 3548 nisi
1196 3486 1268 3548 bre-

155 3601 241 3665 viori
268 3603 378 3663 tabula
410 3601 597 3663 indicandas
635 3623 703 3663 esse
731 3601 903 3664 duxerama
946 3623 1021 3663 mox
1049 3615 1154 3664 autem
1192 3626 1264 3664 cum

156 3715 440 3802 deprehendissem
459 3737 537 3778 non
568 3736 640 3776 raro
674 3715 847 3780 notabilem
875 3714 962 3775 inter
991 3726 1164 3800 utrumque
1195 3729 1266 3780 tax-

221 3956 258 4026 s)
292 3955 380 4009 Fuero
399 3957 481 4024 lungo
503 3957 623 4011 calatin
645 3971 664 4026 y
685 3957 842 4012 castellano
862 3956 987 4024 sotejadc
1002 3973 1055 4009 con
1076 3959 1117 4010 loa
1141 3977 1197 4010 mas
1219 3975 1268 4010 an-

156 4047 245 4116 signos
271 4066 290 4116 y
315 4049 449 4120 preciosos
478 4050 588 4104 codices
605 4069 655 4123 por
675 4051 704 4104 la
729 4051 786 4103 real
809 4050 948 4103 academia
970 4052 1107 4124 espafiola.
1149 4053 1264 4106 Mndrid.

161 4146 235 4201 1815.
257 4141 306 4196 iol.

226 4244 255 4316 g)
288 4246 386 4300 Rerum
402 4244 571 4302 Gallicarum
579 4254 608 4299 et
617 4247 806 4300 Francioarnna
818 4248 972 4320 scriptores.
984 4251 1060 4302 Tom.
1072 4250 1119 4308 lv.
1134 4266 1191 4322 pag.
1206 4254 1255 4306 283
