2906 5008
215 267 298 348 283
415 287 518 346 recte
536 287 898 361 ιιιιιιιιοιιιιιιιι.
915 291 990 350 ιιι.
1026 296 1101 352 ιιι.
1119 300 1151 352 ι.

213 437 303 502 Deus
321 429 346 493 si
362 426 567 492 mendacium
585 447 624 488 un
647 427 815 490 veritatem
833 429 943 492 iurasti
962 439 1077 494 contra
1096 457 1165 508 me;
1188 442 1222 498 et
1239 459 1332 498 com.

213 534 335 604 ponere
359 512 457 576 debes
479 531 553 572 curn
578 511 749 572 duodecim
772 513 899 589 solidis,
929 524 961 575 et
993 516 1081 576 illam
1103 529 1220 579 terram
1247 521 1330 581 red-

214 602 290 662 dere
315 615 411 679 qnam
435 593 634 654 mendaciter
658 595 825 660 abstulisti.
867 595 900 654 Si
924 597 1039 659 vicerit
1060 599 1115 661 ille
1142 600 1200 682 qui
1222 625 1329 684 quae.

216 685 268 758 rit,
290 686 461 762 componat
489 697 562 736 cnm
591 675 762 738 duodecim
783 677 914 757 solidis,
935 688 967 740 et
992 680 1084 742 illem
1105 690 1224 743 terram
1246 685 1329 745 red·

214 767 277 828 dat.
317 763 358 824 Et
379 759 406 822 ri
426 759 515 819 ittam
539 767 655 818 terrem
680 779 743 819 non
771 760 914 842 potnerit
936 761 1074 840 donare,
1100 755 1204 826 vdonet
1226 766 1328 826 aliam

216 849 252 910 in
282 843 427 930 proximo
456 848 615 922 quantum
648 839 749 904 iactus
776 852 824 903 est
852 842 891 903 de
923 844 1029 905 securi
1057 846 1143 930 saiga
1180 849 1326 911 valente.

212 933 256 996 Et
275 929 301 991 sl
326 927 359 987 ἱιι
391 925 537 1008 proximo
559 922 762 1000 nonhabet,
785 943 845 985 nec
874 947 1057 1009 comparere
1082 939 1205 1011 potest,
1237 931 1327 990 iuret

213 1009 391 1076 secundum
413 1005 553 1090 pretium
572 1005 638 1087 agri
657 1015 693 1066 ut
714 1006 817 1088 ipsum
836 1027 945 1089 agrurn
967 1029 1040 1070 curn
1061 1013 1166 1094 pretio
1191 1013 1325 1073 valente

213 1117 275 1158 nec
294 1111 367 1153 cum
386 1089 486 1170 duplo
503 1107 564 1150 nec
587 1109 661 1149 curn
681 1088 780 1171 triplo
802 1091 994 1171 conquirere
1011 1113 1075 1153 non
1097 1094 1267 1176 potuisset,
1291 1105 1328 1157 et

212 1181 313 1240 donet
331 1173 386 1234 ubi
413 1170 525 1242 haben
552 1179 583 1231 et
601 1170 706 1252 ipsum
732 1191 843 1255 agrum
860 1173 918 1254 qui
939 1173 1038 1236 donet
1060 1174 1145 1237 iuret
1172 1177 1264 1260 quod
1279 1185 1328 1238 ta.

211 1261 254 1326 tis
276 1259 323 1322 eit
336 1253 442 1340 qualis
460 1273 537 1316 suus
554 1255 669 1316 fueret.

336 1395 412 1461 Cre.
431 1393 477 1461 lt.
518 1393 555 1454 St
573 1405 681 1454 testem
695 1393 839 1457 lrabaerr‘t
853 1415 914 1478 per
930 1415 1036 1456 aurem
1052 1410 1195 1464 tractam.

240 1559 245 1574 .
266 1545 273 1560 «-
297 1510 331 1574 si
352 1509 426 1592 quis
444 1519 556 1572 testem
574 1508 726 1594 habuerit
744 1530 803 1591 per
826 1531 937 1572 numm
959 1520 1095 1573 tractam
1118 1513 1157 1576 de
1176 1515 1327 1598 qualibet

212 1617 307 1660 causo
332 1593 421 1652 linita
443 1592 568 1654 ratione
591 1601 624 1652 et
645 1591 707 1652 hoc
725 1593 920 1654 confirmarit
946 1615 1005 1676 per
1023 1602 1138 1674 testes,
1165 1598 1321 1679 posthaec

214 1701 280 1740 non
308 1675 404 1738 debet
422 1685 567 1760 repetere
592 1695 651 1736 nec
677 1675 855 1757 inquietare
880 1677 975 1737 illum
1000 1699 1018 1737 a
1043 1699 1109 1760 quo
1140 1680 1243 1741 linivit
1271 1705 1321 1742 ra·

213 1763 335 1822 tionem
356 1780 456 1828 snam.
498 1759 538 1818 Et
565 1756 591 1817 si
615 1757 752 1818 voluerit
776 1766 853 1819 tnnc
882 1781 941 1842 per
967 1767 1063 1822 testes
1094 1761 1247 1824 defendat
1273 1787 1320 1827 se.

213 1847 275 1906 llle
305 1841 394 1904 testis
416 1839 567 1900 testificet
594 1838 676 1900 sicut
703 1841 762 1902 scit
787 1842 873 1902 unde
901 1841 942 1902 od
971 1851 1084 1902 testem
1116 1865 1175 1926 per
1203 1867 1318 1907 auram

210 1935 331 1988 tractus
358 1922 430 1996 fuir,
453 1932 483 1981 et
505 1921 568 1982 lroc
591 1943 649 2006 per
675 1934 908 1984 sacramentum
929 1924 1106 1986 confirmet.
1159 1927 1231 1989 Non
1262 1929 1320 1988 de-

210 2011 266 2073 bet
280 2018 393 2068 testem
412 2003 553 2065 veritatis
573 2005 733 2085 repellere
754 2007 930 2068 causatione
947 2007 1026 2073 eins.
1067 2008 1137 2068 Nisi
1156 2010 1239 2070 sorte
1259 2009 1318 2070 ali·

212 2093 285 2175 quis
305 2098 418 2150 testem
440 2085 628 2148 mendacem
653 2085 769 2148 habere
796 2089 958 2164 voluerit,
994 2099 1097 2170 potest
1119 2091 1212 2151 illum
1240 2114 1317 2153 cnm

209 2176 281 2256 lege
303 2171 462 2254 repellere
483 2191 557 2229 cum
578 2191 684 2254 pugna
707 2170 843 2231 duorum
861 2180 893 2232 et
911 2171 1037 2232 dicerer
1065 2173 1135 2233 Non
1154 2173 1211 2233 tibi
1232 2173 1316 2235 traxi

210 2265 323 2317 testem
348 2250 387 2314 de
410 2251 468 2312 istu
492 2273 597 2327 cansa,
626 2274 731 2334 neque
757 2254 934 2330 consentio.
975 2253 1011 2313 si
1027 2265 1132 2315 autem
1152 2256 1239 2318 testis
1257 2277 1316 2338 per

212 2335 322 2399 aurern
342 2344 461 2396 tractus
485 2333 584 2395 luerit
609 2333 648 2395 de
674 2335 904 2415 compositione
929 2335 1088 2414 finienda,
1110 2338 1161 2398 vel
1184 2349 1316 2420 propter

211 2441 306 2496 arras,
333 2418 390 2500 qui
414 2417 511 2478 donat
534 2416 625 2498 quasi
650 2439 707 2499 pro
730 2419 862 2502 pignore
882 2420 1141 2501 qualemcunque
1161 2442 1240 2498 rem,
1264 2443 1315 2481 us-

211 2523 276 2586 quc
296 2502 373 2563 dum
395 2500 502 2562 solvat
520 2500 681 2577 debitum,
712 2510 744 2562 et
770 2501 886 2582 pignus
910 2501 1055 2584 rccipiah
1080 2503 1172 2563 illurn
1199 2513 1315 2565 testem

210 2606 306 2656 nemo
326 2583 474 2666 repellat,
505 2603 565 2644 nec
588 2591 703 2665 potest,
724 2583 780 2644 sed
803 2585 992 2650 consentiat.
1032 2584 1100 2645 Nisi
1119 2607 1217 2666 super
1233 2607 1315 2646 mor·

210 2664 302 2730 taum
323 2665 488 2728 hominem
510 2674 625 2728 testare
652 2665 792 2728 voluerit
813 2667 952 2748 aliquam
974 2687 1117 2746 causam,
1140 2669 1234 2728 illum
1256 2689 1315 2750 pc·

208 2759 272 2814 test
297 2747 517 2812 contradicere
544 2768 618 2809 curn
648 2748 785 2809 duorum
803 2770 909 2830 pugne
934 2758 965 2810 ct
982 2749 1106 2810 dicere:
1129 2751 1315 2812 Defenderc

208 2835 272 2898 hoc
298 2831 466 2896 volonum
493 2829 660 2911 campione
681 2849 753 2890 meo
775 2833 863 2913 quod
886 2831 977 2910 dicis,
993 2831 1071 2914 quia
1093 2841 1125 2895 et
1145 2845 1182 2896 tu
1199 2831 1316 2895 menti·

207 2917 252 2982 ris
281 2927 313 2989 et
333 2925 406 2980 tuus
429 2911 515 2976 testis
531 2934 629 2998 super
648 2923 810 2974 mortuum
835 2935 954 2977 meurn.

459 3059 535 3126 Cer.
556 3058 620 3126 111,
659 3057 698 3118 Si
720 3059 807 3119 testis
826 3059 929 3122 victus
947 3057 1062 3141 suerit.

293 3178 336 3242 Et
360 3175 385 3238 si
411 3174 468 3236 ille
492 3173 597 3236 rictus
619 3172 719 3234 fuerit
739 3173 797 3254 qui
817 3195 934 3256 negare
959 3183 1074 3236 testem
1091 3174 1195 3238 voluit
1217 3197 1317 3258 super
1433 3169 1434 3180 ¹

209 3270 373 3325 mortuum
394 3279 507 3333 snum,
536 3267 615 3318 tunc
637 3255 774 3338 amplius
797 3277 904 3338 pugna
931 3256 1069 3318 duorum
1093 3279 1158 3318 non
1194 3261 1315 3336 veniat,
1433 3271 1434 3296 ¹

209 3344 289 3425 quia
310 3342 352 3402 ud
378 3339 635 3402 testificationem
655 3360 714 3422 per
734 3337 800 3400 vim
823 3338 916 3400 illurn
937 3349 1100 3403 mortuum
1123 3339 1314 3421 adquisivitr

211 3426 269 3488 sed
297 3445 371 3488 com
394 3432 602 3501 sacramento,
624 3430 660 3484 ut
681 3421 736 3484 lex
760 3429 819 3499 est,
843 3421 1050 3502 testificetur,
1082 3433 1116 3486 et
1133 3421 1315 3484 testificatio

209 3508 300 3573 firma
322 3512 520 3592 permaneat.
544 3525 549 3536 ·

471 3641 548 3707 Cae.
568 3635 627 3706 IV,
666 3639 716 3700 De
733 3635 895 3700 da'rcordio
907 3637 1058 3707 indicum.

293 3759 359 3828 Sed
377 3759 433 3822 hic
451 3755 636 3820 discordant
656 3752 756 3816 nostri
786 3753 910 3815 iudices
933 3753 1106 3837 depacto,
1129 3753 1218 3835 qnod
1248 3753 1316 3837 ipse

212 3849 270 3934 qui
292 3855 405 3912 testem
431 3839 573 3916 adducit,
599 3838 705 3932 iurare
726 3836 851 3930 debeat,
879 3837 967 3931 quod
993 3836 1181 3898 mendacem
1204 3846 1317 3899 testem

212 3955 279 3995 non
308 3921 715 4013 proferat‚neoderll1us
741 3917 964 3981 testrficatronc
993 3920 1183 3982 sacramenti
1207 3941 1241 3983 sc
1264 3920 1316 3982 ab·

212 4019 332 4085 rtinere
353 4008 478 4074 debeat.
1071 4099 1073 4103 ,

228 4120 268 4202 {ss
469 4121 545 4188 Ctr.
564 4120 609 4203 Y.
650 4115 689 4178 Si
704 4116 812 4204 plnres
822 4115 950 4199 suerint
969 4127 1073 4185 testes.

233 4212 236 4218 ’Ἴ
286 4207 331 4300 'si
368 4228 502 4318 plurimi
541 4201 637 4291 testes
666 4226 813 4306 ¹fuerint,
856 4234 889 4289 et
924 4225 964 4289 ed
979 4261 980 4266 κ
996 4245 1098 4289 unum
1124 4227 1321 4284 conventum
1432 4183 1433 4275 l
