2906 5008
191 261 267 348 294
427 251 430 254 ’
541 283 610 338 mx
651 285 923 341 sssuvnnonnn

221 462 238 482 ··
259 420 339 490 Μ
377 425 429 485 Do
452 442 512 502 eo,
553 430 591 484 ut
621 423 731 486 nullus
754 423 933 486 hereditate
953 445 1014 486 sna
1034 425 1199 509 privetur,
1236 427 1305 490 uisi

191 519 252 594 per
276 513 353 570 tres·
368 525 497 584 causas,
530 525 616 588 *quae
653 507 687 568 in
720 516 814 589 pacto
839 508 1044 568 scribuntur:
1090 517 1222 591 propter
1244 509 1306 570 ho·

192 588 379 667 micidinm,
423 588 486 649 hoc
523 598 591 666 cst,
615 598 652 650 ut
684 589 832 670 quisquis
862 590 1027 651 hominem
1051 592 1207 674 principis
1239 591 1305 652 sibi

193 673 348 740 dilectum
377 669 549 750 occiderit,
578 669 618 732 ob
642 671 794 732 iniuriam
821 672 1004 756 Principis,
1033 683 1066 734 et
1096 675 1141 734 ad·
1175 674 1305 734 calamo.

192 754 320 830 niam,·
343 753 509 815 hominem
536 764 707 838 componat
732 754 912 816 secundnm
937 757 1058 838 legem,
1094 765 1165 816 tum
1192 757 1303 839 prives

190 846 247 898 saar
266 836 444 898 hereditate
474 855 541 900 sna.

275 919 315 982 X.
353 921 404 980 De
419 938 459 978 co
476 916 565 1000 qnod
583 915 700 1000 siquis
718 922 875 996 servnsn)
896 916 1064 980 mulierem
1089 917 1233 980 nobilem
1250 940 1303 980 so·

194 1000 319 1084 ceperit
344 999 378 1059 in
401 1000 606 1082 coniugium,
638 1008 670 1062 et
692 1021 758 1062 uon
790 1000 959 1083 praescivit
990 1001 1034 1062 ita
1061 1002 1229 1065 constituit
1265 1010 1305 1064 ut

193 1085 312 1146 iterum
330 1082 430 1144 libera
449 1090 548 1161 esset,
568 1092 601 1144 ct
615 1081 752 1143 dimittat
776 1104 922 1161 servum,
944 1092 977 1146 et
993 1091 1103 1167 postea
1124 1105 1191 1144 uon
1209 1083 1304 1146 redi?

193 1176 289 1252 gatar
308 1165 342 1226 in
361 1164 549 1242 servitium,
575 1164 632 1226 sed
658 1175 741 1228 esset
769 1167 880 1228 libera.

235 1247 299 1314 XL
338 1249 387 1309 Dc
408 1267 447 1308 eo
474 1246 563 1330 quod
584 1256 618 1308 et
642 1247 669 1309 si
696 1247 769 1330 quis
793 1248 833 1309 de
863 1268 1063 1330 quocunque
1087 1254 1181 1308 reatu
1204 1269 1303 1310 acon*

193 1340 280 1394 satus
308 1329 346 1390 ab
381 1329 510 1412 aliquo,
543 1337 731 1412 potestatem
759 1329 896 1413 accipiat
926 1351 1000 1390 cum
1026 1338 1210 1392 accusatore
1239 1352 1303 1394 suu

191 1412 361 1499 pacificare
389 1411 416 1472 si
443 1411 601 1489 voluerit,
630 1421 802 1496 antequam
827 1433 990 1496 pugnam,
1025 1434 1108 1496 quac
1131 1413 1304 1476 archadius

194 1505 328 1560 vocatur
350 1493 412 1556 fixe
435 1494 600 1578 promittat
620 1503 664 1569 o).

276 1577 352 1642 Xll.
393 1577 441 1638 De
462 1597 502 1639 eo
546 1576 611 1638 uod
635 1574 781 1658 quisquis
808 1576 849 1640 cle
878 1575 980 1638 nobili
1006 1596 1124 1658 genere
1144 1579 1220 1638 reus
1240 1577 1304 1640 de·

193 1659 375 1751 prehensus
406 1658 503 1721 fuerit
522 1597 565 1719 le
586 1658 652 1719 illis
677 1660 734 1722 111.
752 1665 786 1744 p)
822 1659 943 1737 causis,
984 1657 1024 1719 de
1054 1657 1169 1740 quihus
1202 1681 1303 1742 snpra

195 1743 355 1819 diximus,
393 1739 420 1802 si
441 1742 499 1803 ille
526 1739 713 1802 hereditatis
733 1763 808 1803 suae
831 1742 1013 1839 portionem
1042 1761 1101 1820 pro
1124 1741 1213 1802 illius
1239 1743 1304 1803 cri·

193 1825 291 1889 ruinis
316 1833 409 1884 reatu
434 1822 565 1907 perdat,
593 1843 677 1884 uxor
703 1834 810 1886 nutem
835 1825 925 1887 illius
956 1843 1015 1884 suo
1038 1821 1108 1885 inre
1132 1844 1199 1884 non
1229 1825 1304 1908 pri·

197 1919 302 1973 setus.
343 1911 394 1971 Ita
421 1904 597 1972 constituit

277 2089 328 2152 De
345 2081 576 2150 collaudatione
599 2104 692 2170 quam
712 2083 866 2171 Episcopi
885 2097 916 2147 et
930 2085 1066 2150 Abintes
1093 2085 1127 2148 in
1151 2084 1305 2151 Baioaric

197 2171 512 2253 internoscerentur,
534 2188 598 2256 pro
619 2167 777 2251 defunctis
797 2167 968 2250 fratribus.
1228 2178 1231 2184 '

280 2283 320 2350 ln
358 2281 480 2346 Christi
522 2283 664 2349 nomine.
719 2284 839 2346 Notitia
874 2285 1004 2368 qualem
1038 2283 1301 2349 convenientiam

197 2368 304 2456 gentis
323 2365 544 2428 Baioariorum
563 2363 714 2451 Episcopi
734 2375 766 2427 ct
796 2366 932 2430 Abbates
960 2367 1046 2429 inter
1070 2389 1102 2430 se
1129 2369 1298 2449 fecerunt,

198 2505 199 2508 ,
224 2473 337 2526 porum
357 2449 486 2510 nomina
505 2450 590 2509 infra
613 2467 760 2546 perorare
783 2449 993 2512 decrevimus.
1023 2449 1061 2511 Id
1087 2461 1152 2529 est,
1168 2453 1299 2514 ‘Manno

228 2530 479 2618 urenpnrgensis
503 2530 638 2593 civitatis
666 2532 851 2614 episcopus,
878 2531 983 2609 lilim,
1010 2531 1168 2615 Vigilius,
1195 2534 1301 2596 Wise·

197 2617 292 2696 rich,
323 2613 509 2699 Sintpreth‚
536 2615 655 2692 Heres,
677 2614 850 2698 Episcopi;
880 2615 1067 2696 Oportunus
1094 2615 1299 2698 Wolfpreth,

198 2695 393 2784 Adalpreht‚
426 2695 506 2772 Ato,
543 2697 623 2773 Uto,
661 2695 816 2772 Lantfrit,
849 2693 994 2774 Albane,
1031 2695 1207 2775 Ruothart,
1242 2699 1301 2760 Er-

200 2793 292 2861 nest,
310 2778 527 2862 Reginpreht,
539 2777 778 2856 Volchanhart,
799 2777 984 2862 Pergkoch,
999 2778 1129 2862 Sigido‚
1152 2779 1302 2846 abbates.

282 2865 326 2932 Ut
361 2883 473 2923 corum
509 2859 581 2942 quis
609 2860 648 2922 de
676 2859 736 2922 hac
771 2862 842 2922 luce
869 2861 1037 2943 migraret,
1075 2863 1301 2945 unusquisqne

201 2945 407 3030 superstitum
437 2941 669 3025 Episcoporum
698 2941 750 3004 sel
781 2941 939 3003 Abbatum
974 2965 1032 3024 pro
1076 2943 1228 3007 defuncto
1265 2944 1300 3006 in

202 3030 296 3092 domo
326 3050 383 3088 sua
422 3025 595 3107 episcopali
631 3023 685 3086 vel
729 3026 885 3087 coenobio
920 3035 1050 3085 centum
1085 3026 1194 3088 missas
1226 3045 1309 3110 spe-·

202 3112 298 3173 ciales
314 3119 346 3170 et
365 3108 478 3170 eodem
500 3128 634 3168 nurnero
658 3107 808 3190 psalteria
830 3116 957 3169 cantare
984 3108 1089 3169 faciat.
1132 3110 1204 3191 lpse
1223 3130 1300 3171 vero

202 3197 243 3258 dc
270 3191 398 3275 propria
430 3210 566 3271 persona
597 3211 654 3250 sua
686 3187 787 3254 XXX.
821 3189 974 3271 speciales
1006 3190 1114 3252 missas
1144 3193 1303 3275 compleat

202 3276 257 3345 sel
279 3294 297 3334 a
317 3271 475 3354 religiosis
498 3271 623 3334 sibimet
647 3271 799 3332 subiectis
822 3271 954 3352 implere
975 3273 1106 3332 omnino
1130 3284 1302 3356 praenota-

202 3369 273 3424 tum
309 3357 410 3427 'faciet
434 3374 603 3414 nnmerum
620 3353 813 3436 presbyteris
837 3355 904 3415 sive
935 3355 1115 3434 monachis,
1157 3378 1230 3419 cum
1261 3356 1303 3418 ds

202 3442 266 3503 hoc
289 3438 417 3500 saeculo
438 3434 646 3517 migraverint
667 3435 844 3518 Episcopus
871 3457 926 3496 seu
956 3437 1079 3516 Abbas‚
1119 3460 1185 3499 uno
1210 3459 1303 3521 pres·

203 3527 316 3606 hytero
344 3521 393 3602 vel
413 3517 569 3578 monacho
605 3517 701 3582 XXX.
731 3519 839 3581 missas
863 3519 1034 3602 speciales,
1059 3520 1194 3582 totidem
1215 3520 1303 3605 psal-

200 3605 286 3674 teria
317 3601 436 3666 faciant
457 3599 625 3667 celebrari.

201 3891 218 3912 ”
286 3873 451 3955 Regnante
481 3865 515 3929 in
546 3877 737 3952 perpetuum
766 3867 905 3928 Domino
935 3877 1044 3930 nostro
1066 3865 1142 3930 Iesu
1164 3865 1304 3944 Christo,

200 3958 240 4048 ‘ln
265 3978 350 4018 anno
370 3973 449 4016 vero
470 3949 580 4015 XXIl.
593 3963 631 4034 q)
650 3951 743 4035 regni
766 3950 997 4035 religiosissimi
1018 3951 1117 4014 Ducis
1131 3949 1306 4012 Tassilonis

201 4105 203 4112 Α
272 4128 303 4199 n)
320 4133 404 4184 Deest
419 4125 448 4180 in
466 4123 590 4209 omnibns
608 4122 691 4178 Editt.
711 4127 739 4177 et
756 4121 842 4177 Codd.
862 4140 916 4177 nno
934 4131 1069 4202 excepto.¹
1128 4115 1200 4194 olli:
1214 4119 1308 4204 Codri.

203 4201 656 4340 setsssrssaisn
670 4191 856 4319 silli*
875 4192 970 4274 ‘¹1¹⁹‘-
993 4268 1005 4277 «
1025 4190 1306 4285 ΦΜΦΨᾸΧΗΙᾈ
