2900 5020
210 191 218 253 l

436 307 728 365 nnurrlnnnrnn
747 307 892 366 rumine
940 325 953 384 y
1170 287 1243 367 alr

219 446 277 517 lv.
318 449 413 513 Certe
434 447 461 512 si
483 472 568 528 uon,
596 448 773 514 invalidam
799 447 990 532 scripturam
1019 448 1121 532 ipsam
1147 448 1246 514 iube-r

137 554 207 595 mus
229 555 308 597 esse.

139 689 236 762 Tru.
256 687 365 764 XIII.
414 686 473 758 De
496 684 729 774 mulieribus,
769 709 860 779 quae
889 711 930 758 se
963 686 1245 780 voluntatemne

494 787 540 856 ud
564 789 714 856 maritos
737 787 897 857 tradunt.

224 916 446 996 Quaecunque
473 912 593 992 mulier
613 913 800 997 Burgundia
826 913 880 976 vel
908 914 1050 978 Romana
1077 915 1248 978 voluntate

143 1020 200 1063 sua
221 1000 260 1058 ad
281 997 430 1058 maritum
452 996 674 1074 ambulaverit,
707 995 854 1058 iubemus
877 1005 914 1058 ut
941 999 1072 1059 maritus
1095 999 1161 1082 ipse
1183 999 1248 1076 (de)

143 1081 295 1148 faoultate
317 1079 417 1163 ipsius
438 1079 595 1158 mulieris,
617 1078 701 1142 sicut
721 1079 756 1140 in
779 1099 849 1140 eam
868 1077 964 1142 hahet
984 1090 1183 1166 potestatem,
1204 1082 1248 1143 ita

145 1165 240 1229 etde
261 1163 356 1226 rebus
379 1161 591 1229 suishahoet.
686 1229 689 1246 ,

405 1315 498 1385 'Prrss
525 1313 630 1388 XIV.
680 1315 739 1386 De
764 1315 984 1393 VVittemon.
1080 1313 1081 1321 '

226 1443 251 1509 I.
294 1439 492 1526 Quicunque
513 1444 702 1528 Burgundio
730 1444 889 1526 optimatis
911 1454 966 1506 eut
987 1443 1157 1506 mediocris
1178 1442 1249 1506 sine

146 1525 349 1590 ordinatione
366 1530 465 1610 patris
486 1549 559 1590 cum
577 1527 713 1591 alicuius
735 1529 802 1588 lilia
822 1549 855 1590 se
870 1527 1081 1610 copulauerit,
1103 1527 1250 1588 iubemus

145 1619 184 1670 ut
203 1609 300 1693 tripla
321 1610 483 1673 solutione
499 1609 659 1694 optimatis
680 1611 737 1672 ille
759 1609 817 1694 qui
836 1611 947 1689 fuerit,
968 1612 1052 1693 patri
1073 1610 1134 1693 ipsi
1156 1609 1248 1671 cuius

144 1692 245 1759 liliam
265 1693 451 1776 copulavit,
474 1693 556 1755 etei
578 1702 651 1754 ante
672 1694 754 1756 scire
775 1713 841 1753 non
863 1693 942 1754 fecit
954 1737 964 1768 ,
995 1713 1056 1754 nec
1077 1690 1251 1756 consilium

145 1773 259 1860 petiit,
281 1784 412 1837 centum
433 1775 668 1858 quinquaginta
696 1775 815 1840 solidos
844 1785 977 1859 cogatur
1003 1776 1185 1839 exsolveres
1218 1783 1259 1850 et

89 1909 96 1916 ,,
146 1858 287 1922 mulctae
308 1859 439 1920 nomine
460 1859 578 1922 solidos
600 1857 759 1925 XXXVI.

233 1941 275 2001 lI.
317 1941 439 2003 Leudis
461 1963 540 2003 vero
562 1941 590 2002 si
611 1940 674 2004 hoc
695 1940 944 2024 praesumpserit
962 1941 1082 2022 Iacere,
1102 1940 1252 2004 similiter

149 2022 185 2083 in
208 2022 304 2106 tripla
325 2024 499 2102 solutione,
520 2022 583 2085 hoc
605 2033 663 2104 est,
683 2024 803 2089 solidos
823 2021 927 2088 XLV.
945 2023 1070 2087 solvat:
1099 2033 1132 2088 et
1147 2021 1253 2087 mule·

150 2115 202 2180 tae
222 2105 361 2168 nomine.
384 2107 504 2170 solidos
525 2105 605 2170 XII.
1172 2110 1173 2120 ’

153 2257 245 2329 Tru.
271 2256 356 2331 XV.
405 2259 464 2332 De
488 2257 647 2348 Iudaeis,
677 2259 739 2352 qui
757 2257 804 2328 in
837 2255 1086 2330 Christianum
1107 2277 1254 2330 manum

451 2361 761 2452 praesumpserint
790 2360 948 2436 mittere.

234 2490 260 2561 1.
300 2487 497 2570 Quicunque
526 2487 665 2551 Iudaeus
691 2486 726 2547 in
754 2485 972 2548 Christianum
1004 2505 1135 2546 manum
1161 2503 1257 2569 prae-

152 2573 324 2657 sumpserit
344 2572 483 2648 mittere,
503 2565 614 2653 pugno
635 2581 690 2632 aut
710 2570 809 2647 calce,
831 2571 914 2630 fuste
946 2578 1001 2640 aut
1020 2569 1169 2651 flagello,
1201 2574 1257 2627 aut

152 2679 240 2734 saxo,
263 2665 318 2716 aut
334 2675 393 2732 per
413 2655 545 2735 capillos
567 2653 744 2736 prenderit,
768 2671 880 2712 manus
901 2650 1059 2712 incisione
1078 2651 1256 2712 damnetur.

238 2739 279 2802 Il.
322 2736 418 2814 Quod
446 2736 472 2797 si
490 2737 630 2799 voluerit
654 2756 785 2796 manum
812 2757 901 2796 suam
920 2735 1101 2812 redimere,
1130 2728 1257 2794 LXXV.

155 2819 266 2882 solidis
287 2817 433 2880 iubemus
454 2819 631 2881 redimere:
654 2829 687 2880 et
708 2818 847 2878 mulctae
867 2817 998 2878 nomine
1018 2817 1075 2878 sol.
1097 2813 1176 2878 XII.

239 2901 296 2962 IlI.
337 2903 506 2963 Praeterea
525 2901 684 2981 iubemus,
697 2902 724 2964 si
743 2900 778 2960 in
800 2900 997 2964 sacerdotem
1017 2921 1147 2959 manum
1166 2919 1259 2981 prae-

157 2982 330 3066 sumpserit
350 2982 491 3060 mittere,
518 2985 663 3046 tradatur
691 2985 731 3048 ad
756 2993 907 3045 mortem:
937 2991 970 3044 et
998 2983 1133 3044 facultas
1157 2980 1258 3066 ipsius

153 3063 235 3133 ¹fisco
257 3073 366 3128 nostro
391 3065 544 3132 tradatur.

465 3215 555 3285 Trr.
581 3216 687 3290 XVI.
734 3215 793 3286 De
815 3217 940 3289 vineis.

238 3345 265 3410 Ι.
305 3343 504 3428 Quicunque
527 3345 561 3405 in
583 3346 711 3409 vineam
732 3345 869 3426 alienam
896 3345 1015 3408 intrare
1038 3364 1254 3429 praesumpse-

119 3485 123 3495 ,
159 3426 204 3491 rit
227 3428 267 3496 de
286 3426 338 3488 die
361 3429 438 3488 furti
460 3428 581 3506 caussa,
604 3429 722 3491 inferat
742 3425 804 3506 illi,
827 3429 919 3491 cuius
941 3430 1036 3492 viuea
1061 3437 1118 3508 est,
1139 3428 1260 3493 solidos

159 3510 223 3578 III.
245 3519 279 3572 et
299 3511 438 3573 mulctae
460 3512 592 3573 nomine
613 3512 731 3578 solidos
754 3511 814 3577 111;

242 3594 284 3660 11.
326 3593 424 3656 Certe
452 3593 479 3656 si
509 3594 550 3656 de
580 3603 675 3656 nocte
705 3595 768 3656 hoc
791 3593 1039 3678 praesumpserit
1070 3597 1199 3672 facere,
1230 3601 1263 3656 et

159 3698 329 3760 percussus
350 3676 470 3755 fuerit,
499 3675 551 3739 itu'
565 3688 602 3739 ut
629 3677 805 3755 moriatur,
836 3677 927 3738 cuius
951 3677 1047 3740 vinea
1068 3686 1117 3740 est
1138 3677 1262 3738 nullam

162 3759 356 3820 calumniam
375 3759 525 3842 patiatur.

244 3842 301 3907 Ill.
340 3844 420 3902 Nam
441 3842 467 3904 si
490 3862 601 3906 servus
625 3840 688 3903 hoc
706 3840 838 3930 fecerit,
867 3851 923 3904 aut
944 3841 1050 3904 indie
1073 3841 1186 3904 furtim
1209 3841 1263 3902 in·

156 3923 293 3984 traverit
312 3933 474 3985 trecentos
492 3924 627 3985 fustium
647 3925 728 3986 ictus
749 3923 893 4005 accipiet.

244 4007 299 4068 IV.
341 4007 438 4083 Quod
457 4006 485 4068 si
507 4007 546 4068 de
567 4016 662 4069 nocte
683 4007 867 4085 intraverit,
901 4005 986 4069 sicut
1004 4004 1152 4090 superius
1181 4003 1264 4070 dixi·

159 4109 244 4167 mus,
266 4088 440 4154 occidatur.

246 4173 286 4236 V.
328 4172 427 4248 Quod
446 4171 474 4233 si
494 4171 643 4234 dominus
664 4171 734 4234 eius
759 4171 900 4234 voluerit
920 4193 996 4234 eum
1018 4167 1189 4248 redimere,
1204 4169 1265 4230 ha·-

162 4253 238 4325 lieet
257 4254 393 4324 literam
419 4263 622 4346 potestatem
650 4254 695 4336 ita
717 4264 887 4349 postquem
907 4275 980 4321 eum
997 4252 1184 4334 redemerit,
1196 4255 1265 4324 eu.
