2900 5020
208 291 285 370 404
506 307 1033 366 rnrcrunraaoasamraaars

207 451 362 529 senserit,
391 456 446 510 aut
473 446 531 512 ille
551 447 696 534 profiteri
722 446 882 526 noluerit,
916 457 997 510 tunc
1018 455 1073 510 aut
1094 446 1191 514 huius
1211 449 1321 514 meriti

209 537 274 598 duo
301 531 462 614 mancipia
484 532 614 595 domino
643 530 764 607 tradat,
796 530 866 591 eius
889 529 954 591 iuri
977 533 1170 614 profutura,
1202 535 1229 595 si
1250 534 1321 596 eius

206 615 382 682 substantia
399 615 554 696 patiatur:
582 623 636 678 aut
651 613 677 675 si
697 611 759 674 hoc
783 611 918 694 implere
940 634 1006 675 non
1022 615 1186 696 potuerit,
1209 639 1321 679 caesus

207 697 439 764 districtissime
467 697 604 760 fustibus
630 695 757 758 vicinae
788 694 927 758 civitatis
959 696 1099 780 collegio
1126 699 1318 782 deputetur;

206 783 296 865 quod
313 780 412 841 iudex
437 777 582 842 eiusdem
607 779 694 858 loci,
724 776 863 862 periculi
882 778 934 841 sui
957 800 1095 858 memor,
1126 781 1263 866 implere
1286 789 1322 843 et

205 864 368 930 custodire
393 861 533 923 debebit.
828 869 830 874 '

228 1001 231 1006 .
288 941 390 1011 LXV.
433 945 569 1022 Quoties
594 965 627 1007 se
657 942 796 1006 ancillae
818 942 999 1026 ingenuus,
1030 952 1085 1004 aut
1111 943 1318 1028 originarius,

189 1038 261 1091 ¹aut
282 1049 392 1091 servus
410 1026 493 1086 forte
512 1025 696 1104 miscuerit,
719 1046 848 1088 necesse
872 1036 920 1087 est
940 1036 978 1087 ut
998 1028 1100 1088 omnis
1118 1038 1250 1092 matrem
1265 1043 1319 1092 aa*

196 1122 324 1193 quatur
340 1109 487 1194 agnatio,
508 1110 624 1189 idest,
646 1108 707 1170 filii
720 1130 829 1172 omnes
851 1109 892 1170 ad
908 1109 1075 1172 domiuum
1093 1111 1231 1172 ancillae
1246 1132 1321 1196 per·

92 1189 94 1197 ’
206 1195 342 1256 tineant.

286 1273 404 1341 LXVI.
446 1273 582 1354 Quoties
596 1295 674 1337 vero
693 1292 727 1336 se
743 1273 936 1357 originariae
947 1295 1061 1335 servus
1079 1273 1206 1335 alienus
1223 1272 1326 1356 inge·'

204 1379 330 1421 unusve
348 1357 524 1437 miscuerit,
547 1357 760 1418 nihilominus
779 1378 889 1418 omues
907 1355 967 1416 lilii
981 1365 1114 1418 matrem
1130 1367 1317 1438 sequautur.

286 1441 421 1506 LXVII.
464 1440 499 1501 Si
519 1461 596 1503 vero
617 1439 807 1520 originarius
830 1439 955 1501 alienus
979 1461 1013 1501 se
1036 1438 1229 1522 originariae
1248 1439 1318 1498 for-

204 1531 285 1585 tasse
307 1523 533 1601 coniunxerit,
549 1523 644 1584 duas
665 1522 807 1583 liliorum
824 1531 930 1604 partes
962 1521 1129 1604 originarii
1156 1519 1317 1600 dominus,

173 1611 175 1622 '
206 1613 240 1668 ct
259 1605 387 1668 tertiam
409 1603 526 1665 sobolis
549 1603 741 1684 originariae
764 1605 914 1666 dominus
935 1611 1161 1684 consequatur.

287 1687 440 1749 LXVIII.
482 1686 666 1768 Originaria
688 1708 726 1748 ex
749 1708 814 1768 quo
835 1691 865 1766 a)
888 1687 928 1747 de
947 1687 1092 1769 ingenuo
1113 1686 1182 1747 solo
1200 1683 1318 1747 disces·

203 1769 407 1850 serit„iutra
422 1768 567 1830 vicennii
581 1769 680 1851 spatia
699 1779 870 1850 repetatur.
913 1770 1054 1848 Quodsi
1076 1770 1109 1843 b)
1131 1766 1314 1850 originaria,

203 1852 362 1934 exemptis
381 1851 499 1933 viginti
519 1851 629 1930 aunis,
663 1852 794 1913 domino
817 1852 876 1914 sub
902 1850 963 1913 lrac
981 1850 1232 1933 praescriptione
1255 1870 1314 1932 pe·

129 1995 130 2002 ,
204 1934 313 2012 rierit,
335 1934 431 1995 simul
451 1933 521 1994 eius
544 1941 575 2005 c)
596 1934 742 2016 agnatio,
775 1933 861 1996 intra
878 1935 994 2018 viginti
1015 1954 1115 1994 annos
1133 1941 1280 2014 suscepta
1296 1953 1315 1992 a

204 2017 336 2079 domino
361 2015 524 2094 mulieris,
546 2026 670 2076 servato
692 2017 840 2078 novellae
858 2017 939 2100 legis
960 2026 1072 2078 tenore
1098 2038 1164 2076 nou
1192 2023 1313 2098 pereat,

199 2147 219 2174 ¹.
285 2097 602 2180 LXIX.·Quisquis
626 2098 802 2176 curialem,
837 2109 891 2159 aut
912 2099 1137 2181 collegiatam,
1167 2109 1222 2159 aut
1245 2117 1315 2158 ser-

172 2259 173 2264 ,
204 2203 304 2260 vum,
344 2203 403 2263 per
425 2180 557 2263 triginta
590 2201 691 2242 annos
720 2180 916 2264 possederit,
947 2183 1004 2262 qui
1034 2182 1158 2241 nullam
1190 2179 1313 2262 patriae

203 2262 517 2328 suae'eollationem
543 2261 677 2324 subiisse
712 2274 907 2325 monstratur
935 2265 997 2343 d),
1032 2284 1086 2324 eos
1107 2263 1314 2344 praediorum

114 2420 116 2424 .
203 2346 343 2410 dominis
370 2346 517 2407 iubemus
543 2345 687 2425 adquiris
727 2345 804 2427 quia
831 2345 865 2407 iu
896 2348 988 2408 nullo
1012 2345 1201 2407 tricennalis
1230 2345 1312 2426 legis

203 2427 450 2494 saluberrimum
482 2427 691 2489 constitutum
718 2429 777 2489 sub
813 2429 957 2511 qualibet
982 2429 1123 2513 patimur
1143 2427 1311 2489 occasione

202 2510 344 2572 turbari:
386 2531 482 2592 quam
523 2511 589 2571 sive
629 2511 781 2572 adversus
820 2512 1003 2593 privatum,
1048 2512 1116 2572 sive
1159 2510 1310 2572 adversus

203 2595 334 2670 fiscum,
364 2614 474 2668 suam,
511 2593 780 2676 quemadmodum
801 2593 888 2675 leges
908 2593 1132 2676 praecipiunt,
1163 2592 1310 2652 obtinere

205 2675 361 2738 convenit
386 2674 575 2740 firmitatem.
625 2675 668 2735 Et
697 2676 774 2756 quia
800 2677 990 2758 frequenter
1018 2675 1134 2736 scimus
1155 2675 1233 2734 tales
1255 2694 1312 2732 ea-

203 2757 343 2820 lumnias
366 2757 400 2816 iu
422 2757 600 2840 perniciem
617 2757 832 2835 dominorum,
854 2756 1101 2819 conniventibus
1117 2755 1243 2817 rusticis
1256 2764 1312 2816 aut

204 2840 381 2903 curialibus
417 2840 569 2915 excitari,
613 2860 678 2920 quo
712 2840 931 2901 conlationem
973 2841 1165 2921 praestitisse
1202 2839 1312 2898 dican-

204 2935 275 2985 tur:
317 2921 380 2982 hoc
406 2933 538 2984 eatenus
563 2921 701 3001 valebit,
730 2923 757 2984 si
784 2924 908 2984 sciente
938 2922 1146 3005 possessionis
1169 2920 1312 2997 domino,

204 3015 238 3068 et
265 3026 331 3066 nou
360 3004 560 3080 reluctante,
590 3014 659 3064 ¹aut
687 3014 774 3066 certe
807 3000 1016 3086 procuratore
1048 3005 1312 3082 conductoreque

206 3087 293 3164 eius,
326 3108 401 3154 curn
419 3086 577 3148 Dominus
605 3086 639 3145 in
663 3086 883 3148 transmarinis
904 3087 1004 3148 fuerit
1024 3086 1212 3166 regionibus
1235 3105 1313 3145 con-

204 3171 345 3246 stitutus,
367 3167 584 3230 conlationem
604 3171 630 3246 e)
651 3169 835 3250 praestitam
855 3169 955 3230 fuerit
969 3169 1186 3250 adprobatum.

286 3251 382 3310 Lxx.
424 3250 459 3312 Si
492 3272 604 3314 servus
631 3250 804 3312 cuiuslibet
825 3252 963 3313 nationis
983 3252 1023 3311 ad
1051 3251 1229 3331 quamlibet
1239 3249 1313 3310 'Ec-

184 3332 335 3410 ,alesiam
350 3331 552 3414 confugerit,
574 3332 679 3399 statim
703 3334 834 3394 domino
853 3334 983 3412 veniam
1008 3333 1214 3414 promittente
1240 3332 1314 3392 red-

205 3417 314 3478 daturr
344 3435 405 3475 nec
425 3415 512 3476 euim
530 3416 616 3476 ultra
630 3436 731 3476 unum
747 3417 832 3477 diem
850 3416 971 3477 ibidem
992 3415 1133 3476 residere
1153 3413 1311 3496 praecipi-

129 3514 132 3520 ·
204 3521 284 3560 mus.
325 3496 391 3574 Qui
421 3497 448 3557 si
484 3495 573 3559 exire
603 3497 764 3574 noluerit,
796 3498 847 3560 vir
859 3499 1029 3581 religiosus
1065 3497 1311 3563 archidiaconus

204 3580 348 3641 eiusdem
369 3578 551 3658 Ecclesiae,
574 3580 626 3642 vel
648 3581 815 3663 presbyter
834 3589 931 3661 atque
956 3579 1085 3656 clerici‘,
1107 3575 1247 3642 eundem
1271 3579 1313 3638 ad

203 3663 371 3724 dominum
399 3683 492 3723 suum
514 3661 602 3722 exire
629 3665 842 3746 compellant,
872 3672 904 3724 et
926 3663 1056 3724 domino
1074 3660 1314 3744 indulgentiam

203 3745 378 3827 praestanti
405 3744 475 3805 sine
504 3743 660 3806 dilatione
687 3746 888 3812 contradant.
937 3744 1034 3823 Quod
1055 3744 1083 3805 si
1106 3743 1312 3826 hocsupra-

203 3827 340 3909 scriptae
371 3827 540 3908 religiosae
565 3847 720 3909 personae
746 3830 852 3889 facere
888 3827 972 3887 forte
1002 3825 1186 3903 noluerint,
1219 3826 1312 3885 aliud

202 3910 400 3996 mancipium
426 3909 570 3974 eiusdem
600 3909 707 3972 meriti
734 3910 864 3972 domino
892 3910 969 3973 dare
1001 3918 1172 3993 cogantur:
1203 3907 1248 3968 ita
1274 3916 1312 3968 ut

206 4049 638 4073 p—-u—-u—-u-——n-

273 4136 303 4204 a)
321 4137 363 4190 Al.
382 4137 469 4195 Codd.
488 4158 523 4194 aar
541 4156 581 4194 so.
652 4137 742 4204 vlt.
763 4142 889 4208 Quaeri.
960 4141 987 4214 c)
1004 4143 1046 4196 sl.
1064 4152 1128 4196 sunt
1145 4140 1211 4198 eius.
1280 4139 1312 4209 d)
1411 4148 1416 4159 “

85 4264 93 4278 κ
202 4207 245 4261 Il.
262 4209 382 4278 patriam
399 4227 476 4264 suum
501 4210 676 4265 caltaionem
692 4210 807 4266 subiisse
824 4225 998 4268 monstretur.
1068 4211 1313 4283 a)s1.comota-

203 4282 311 4331 tionem.
