2826 4998
194 1401 325 1500 1,ng
360 1396 589 1475 simet
724 1404 888 1480 ⁴max
932 1401 1166 1489 socrus

33 1574 34 1585 ¹
87 1651 91 1660 ,
173 1569 223 1624 EX
239 1565 416 1622 EDITIONE
441 1565 611 1622 flnnonnl.
688 1565 738 1622 EX
757 1567 934 1624 EDITIONE
953 1571 1225 1635 nlnnnnnnonn.

317 1707 451 1724 ἡ
887 1711 1030 1726 ῃ

117 1813 165 1885 Iu
198 1813 332 1908 Legem
364 1835 469 1907 qnam
505 1787 660 1880 Suiicam
713 1812 845 1908 Incipit
875 1815 1066 1890 Tractatus
1090 1820 1200 1916 Legis

212 1950 346 2011 vocant
366 1933 560 2006 Praefatio.
884 1938 1031 2012 Salinae.

37 2186 38 2190 Ἰ
160 2115 250 2175 Gens
289 2116 489 2174 Francorum
524 2108 657 2205 mitit
728 2119 824 2193 Gens,
843 2122 1043 2186 Francorum
1077 2124 1222 2212 inclyta,

116 2197 255 2258 authore
271 2199 341 2257 Deo
359 2193 603 2270 concitaturus
622 2212 655 2250 111
686 2207 813 2260 anctore
831 2203 900 2263 Deo
917 2206 1057 2284 condita,
1076 2209 1168 2272 fortis
1185 2211 1220 2271 iu

35 2305 37 2330 1
116 2279 233 2354 armis,
263 2278 352 2337 firma
392 2277 479 2358 pacis
508 2273 655 2350 foedere,
685 2282 790 2358 armis,
824 2285 1072 2368 refundaqnea)
1095 2290 1221 2354 incon-

35 2372 36 2383 *
113 2358 281 2444 profunda
301 2361 334 2418 iu
359 2357 506 2434 consilio,
522 2376 654 2436 corpore
684 2362 774 2440 silio,
799 2303 887 2425 firma
907 2367 939 2426 in
965 2369 1051 2450 pacis
1074 2371 1218 2451 foedere,

33 2459 37 2505 ’.
114 2441 240 2502 nobilis
261 2450 292 2502 et
314 2439 496 2515 incolumis,
517 2439 654 2498 candore
682 2452 839 2525 (corpore
863 2447 990 2528 nobilis,
1012 2450 1046 2510 in
1069 2454 1220 2515 columna

32 2517 33 2556 i
113 2532 149 2584 ct
165 2525 268 2584 forma
284 2523 427 2604 egregia,
449 2519 572 2595 audax,
598 2539 654 2591 ve·
682 2526 821 2588 candore
843 2535 875 2587 ct
895 2530 998 2590 forma
1019 2536 1154 2616 egregia·
1168 2537 1217 2615 b),

31 2611 32 2616 ’
113 2603 174 2665 lox
193 2613 226 2664 et
250 2626 377 2686 aspera,
408 2622 511 2684 nuper
536 2601 576 2660 sd
597 2601 655 2661 Ca·
684 2608 1141 2695 audax,velox,ctaspera,ad
1154 2619 1217 2678 Ca-

1 2702 2 2712 *
32 2684 37 2703 '
112 2686 271 2746 tholicam
290 2685 385 2746 iidem
405 2703 581 2758 conuersa,
598 2683 654 2740 im·
682 2687 833 2749 tholicam
850 2691 945 2751 fidem
964 2713 1069 2774 nuper
1082 2717 1216 2757 conver·

30 2789 34 2848 ,
111 2770 225 2829 munis
238 2769 276 2827 ah
287 2766 421 2842 haeresi.
447 2763 652 2830 Dumadhuc
680 2791 733 2846 sa,
763 2773 886 2831 emunis
908 2773 1039 2854 quidem
1061 2777 1098 2835 ab
1127 2777 1215 2839 omni

28 2921 29 2928 ἵ
109 2859 283 2912 teneretur
295 2848 453 2918 barbarie,
475 2845 651 2928 inspirante
679 2849 832 2929 haerese,
855 2854 930 2913 dum
947 2853 1051 2918 adhuc
1063 2857 1130 2919 ritu
1149 2865 1215 2938 (te-

108 2933 183 2992 Dcc
214 2932 383 3012 inquirens
406 2929 556 2990 scientiae
589 2929 651 2988 cla·
680 2934 1035 3011 nereturbarharicoc)
1058 2939 1214 3023 inspiran-

108 3034 198 3089 uem,
209 3013 299 3074 iuxta
308 3031 567 3072 moremsnorum
575 3028 650 3090 qna·
678 3022 709 3074 te
722 3015 791 3074 Dec
809 3015 975 3097 inquirens
985 3020 1138 3085 scientiae
1151 3025 1215 3086 cla·

28 3109 29 3114 ’
107 3095 241 3156 litatum
269 3094 453 3155 desiderans
480 3091 648 3170 iustitiam,
676 3095 1215 3188 vimiuxtamorumsuorumquali·

107 3177 297 3238 custodiens
320 3175 481 3258 pietatem,
504 3173 648 3233 dictans·
677 3185 773 3236 tatem
789 3178 971 3242 desiderans
995 3182 1157 3265 iustitiam,
1180 3196 1213 3249 et

104 3267 188 3317 runt
212 3257 350 3318 Salicam
374 3257 478 3336 legem
501 3274 649 3336 proceres
676 3257 859 3321 custodiens
889 3262 1050 3343 pietatem,
1079 3267 1213 3333 dictavit

26 3395 27 3399 ,
104 3338 212 3422 ipsius
227 3339 348 3420 gentis,
364 3339 420 3419 qui
434 3345 511 3396 tunc
523 3345 647 3416 tempo·
676 3339 812 3405 Salicem
827 3342 931 3424 legem
940 3366 1155 3428 perproeeres
1172 3352 1214 3412 il.

103 3423 152 3484 ris
168 3422 256 3504 apud
271 3421 406 3482 candem
427 3427 516 3478 crant
538 3427 644 3478 recto·
674 3421 737 3480 lius
754 3422 873 3502 gentis,
896 3429 951 3508 qui
966 3437 1043 3490 tunc
1057 3435 1209 3514 temporis

25 3543 26 3552 κ
102 3525 167 3567 res.
219 3504 305 3564 Sunt
332 3510 439 3562 autem
476 3499 571 3560 electi
605 3499 645 3561 de
673 3501 1211 3577 eiusdemaderantrectorcs.Elec·

101 3585 257 3669 pluribus
278 3583 341 3646 riri
354 3589 501 3665 quatuor,
521 3579 571 3644 his
590 3602 644 3642 no·
672 3583 697 3644 ti
712 3584 751 3644 de
761 3585 906 3665 pluribus
916 3589 992 3650 viris
1006 3601 1143 3672 quatuor
1157 3595 1207 3660 his

27 3677 29 3734 ἶ
101 3668 260 3742 minibus,
281 3665 457 3746 Wisogast,
476 3663 644 3745 Bodogast,
673 3665 867 3745 nominihus,
884 3669 1091 3752 wisogastus,
1107 3678 1209 3740 Bodc-

28 3749 31 3802 ζ
100 3751 261 3832 salagast,
283 3757 315 3808 et
328 3745 528 3824 Windogast,
542 3745 576 3804 in
595 3745 645 3805 lc·
673 3756 795 3828 gastus,
818 3749 1020 3831 Sciogastns,
1041 3765 1073 3814 ct
1096 3759 1208 3820 Wido·

31 3833 32 3838 ’
101 3833 146 3892 cis
166 3833 288 3913 quibus
316 3849 432 3888 nomen
456 3825 643 3908 Salaghcve,
672 3838 795 3910 gastus,
815 3830 849 3890 in
872 3832 951 3893 locis
973 3838 1207 3914 cognominatis

34 3926 41 3944 ¹·
98 3913 322 3996 Bodogheve,
348 3919 380 3971 et
401 3907 643 3992 -Windogheve
672 3911 852 3991 Solehaim,
873 3913 1066 3994 Bodchaim,
1087 3919 1204 3984 wido.

35 3960 48 4063 Ι,

132 4152 169 4219 α)
189 4147 279 4205 Goth.
301 4165 351 4216 pro
366 4143 448 4199 undo.
527 4146 558 4213 b)
578 4123 660 4198 Gothi
681 4163 831 4220 corporeo,
857 4149 994 4214 candore,
1020 4151 1110 4221 firmo
1130 4170 1212 4229 εὸτι.

98 4221 156 4291 uiua
232 4220 267 4289 c)
285 4145 371 4272 (soti
388 4215 555 4271 detineretur
570 4216 698 4270 barbaro.

870 4297 896 4388 ¹,
