2826 4998
154 312 220 370 v1n
419 291 424 298 “
604 313 808 370 rsssrsno.

151 486 327 572 plurimum
353 487 511 552 differant.
553 493 594 552 In
615 487 759 551 editione
780 489 913 551 Heroldi
942 487 1118 575 repetenda
1146 496 1258 568 notas,

152 602 320 688 quas-ipse
341 603 375 664 in
396 604 541 688 margine
562 604 728 689 apposnit,
757 604 901 684 serrari,
937 626 988 668 eas
1010 605 1140 683 saltem,
1173 625 1258 687 qnae

152 719 312 801 insignem
331 718 518 782 varietatem
539 737 580 782 cx
608 717 672 780 alio
696 709 805 782 lorsan
828 717 948 782 Codice
974 719 1150 798 exhibent,
1178 742 1253 782 cae·

148 842 250 914 teras,
280 855 364 917 quae
390 854 455 896 non
485 831 547 895 nisi
570 832 728 896 lectiones
760 832 907 897 Tilianae
934 834 1086 920 editionis
1114 857 1181 898 esse
1211 837 1257 898 ri·

148 950 286 1028 dentur,
318 948 419 1016 omisi.
475 948 612 1012 Codices
634 958 742 1012 antem
772 958 806 1011 ct
834 948 993 1012 editiones
1024 949 1105 1033 legis
1132 949 1279 1012 Saliene.

148 1086 214 1128 non
250 1064 405 1148 glossatae
446 1065 488 1128 ad
520 1086 622 1126 nuum
659 1085 760 1148 gcnns
795 1064 891 1128 focile
922 1063 1035 1128 reduci
1071 1075 1257 1149 potnerunt.

146 1178 304 1263 Adoptata
324 1201 412 1262 'ergo
447 1179 638 1248 recensione
679 1177 876 1258 Pithoeann,
922 1201 1019 1264 quem
1051 1179 1260 1272 Lindenbrof

147 1292 216 1377 gina
249 1316 334 1357 anno
366 1296 500 1363 MDCIl.
527 1295 648 1374 edidit,
687 1315 771 1378 qnae
798 1281 895 1358 mihi'
917 1273 1031 1379 purior
1067 1297 1257 1377 ridebatur,

147 1410 180 1470 in
203 1431 274 1473 eam
294 1412 461 1495 congessi,
482 1412 643 1496 quidquid
662 1434 704 1475 ex
722 1413 858 1476 caeteris
874 1412 966 1474 libris
989 1421 1101 1474 notatu
1122 1413 1258 1496 dignum

145 1524 274 1587 obvium
296 1526 397 1592 venit.
438 1526 543 1590 Habes
568 1526 677 1610 itaque
707 1527 741 1588 in
765 1527 848 1589 notis
869 1527 1047 1598 lectionum
1069 1527 1257 1590 varietatem

147 1663 188 1704 ex
206 1642 382 1706 Codicibns
402 1641 588 1706 Pithoesnis
610 1650 702 1721 octo,
735 1642 945 1726 Bignouianis
969 1642 1103 1722 decena,
1136 1642 1256 1726 qnibns

84 1803 88 1814 ,
145 1780 204 1821 sna
223 1759 355 1822 nomina
375 1759 521 1838 servavi,
544 1757 645 1821 tribus
664 1757 893 1837 Eccandianis,
916 1767 948 1820 et
969 1779 1035 1819 uno
1057 1756 1177 1820 Codice
1198 1759 1254 1820 Es

144 1873 228 1938 tensi
249 1883 282 1956 t).
315 1876 434 1958 Neque
455 1874 671 1958 praetermisi,
690 1874 881 1959 paucissima
900 1875 995 1954 licet,
1025 1896 1107 1958 quae
1129 1897 1170 1938 ex
1191 1877 1255 1937 Co·

146 1990 218 2054 dice
241 1991 391 2054 Gothnno
420 2000 453 2054 et
474 1991 700 2076 Bembergensi
729 2011 835 2074 nuper
863 1989 1033 2052 Ortlollius
1061 1990 1251 2072 notavit-ug

145 2128 253 2190 neque
275 2129 312 2168 ea
333 2127 417 2190 quoe
437 2105 471 2167 in
493 2105 636 2168 editione
655 2104 780 2166 Balnaii
800 2105 896 2167 aliter
922 2125 956 2167 se
983 2103 1101 2168 babere
1128 2105 1252 2169 inveni.

144 2223 314 2284 Praeterea
331 2219 504 2284 breviores
536 2220 686 2300 Glossae,
723 2221 839 2304 quibus
860 2220 1011 2284 barbarae
1039 2241 1136 2283 roces
1161 2221 1250 2284 illua·

145 2346 301 2416 trantnr,
331 2347 463 2421 propter
497 2335 656 2420 insignem
698 2358 809 2399 earnm
843 2337 1016 2400 utilitatem
1050 2359 1091 2400 ex
1125 2337 1251 2401 Codici-

145 2451 204 2516 bus
231 2451 378 2533 Pithoei,
420 2453 589 2538 bignonii,
636 2463 737 2516 etex
766 2451 1121 2521 Estensiadiiciendae
1163 2451 1250 2516 visae

144 2575 231 2634 sunt.

224 2684 275 2744 De
296 2681 410 2746 ceteris
422 2680 517 2767 primi
530 2682 624 2745 Tomi
636 2683 779 2768 partibus
791 2683 837 2745 sic
849 2681 974 2745 hebeto.
1005 2683 1122 2766 Legem
1134 2683 1251 2767 Ripnn·

142 2797 268 2859 riorum
288 2819 329 2859 ex
350 2797 542 2861 recensione
556 2798 698 2862 Eccerdi
718 2798 813 2878 dedi,
832 2797 891 2862 sed
905 2796 1007 2858 multo
1021 2781 1171 2860 uberiore
1184 2798 1249 2860 lec·

69 2963 78 2984 ,
142 2911 269 2990 tionum
298 2923 404 2996 segete
438 2914 584 3000 ditatam,
622 2937 720 2999 qnam
748 2935 790 2977 ex
818 2913 941 2974 leuaii
969 2913 1053 2976 notis
1078 2905 1249 2996 'hucusque

142 3048 272 3112 prorsus
303 3030 457 3112 neglectis
483 3029 611 3114 collegi.
651 3033 721 3093 Hoc
751 3038 896 3114 spectant
928 3039 1066 3113 quotuor
1094 3029 1247 3108 Codices,
1274 3065 1277 3070 ·

142 3161 281 3224 qnorum
307 3163 366 3228 ope
393 3144 499 3228 legem
524 3145 615 3207 istem
636 3145 883 3224 emendaverat,
905 3166 988 3206 nnus
1007 3143 1146 3228 Regius,
1167 3144 1250 3206 alter

141 3257 379 3340 sangallensis,
402 3259 513 3322 tertius
526 3262 711 3336 Monasterii
727 3259 967 3339 Corbioneusis,
988 3268 1121 3349 quartus
1137 3235 1247 3320 Sancti

140 3374 309 3438 vincentii
340 3373 502 3442 Metensis.
542 3377 715 3438 Praeterea
739 3375 773 3436 in
807 3375 891 3436 nous
923 3373 1040 3436 nostris
1070 3382 1245 3434 occurrunt

141 3488 252 3551 Codex
274 3488 440 3551 Gothenus
464 3498 495 3551 et
523 3483 809 3567 Guelferbitanns,
844 3497 981 3570 nterqne
1011 3510 1053 3551 ex
1081 3488 1243 3573 Eccardo,

139 3601 250 3664 Codex
270 3603 347 3669 Ero.
374 3602 647 3688 spangenbergii,
686 3623 728 3669 ex
759 3624 824 3686 qno
857 3623 962 3688 nnper
986 3601 1054 3686 ipse
1083 3623 1245 3688 possessor

136 3827 546 3848 Μ.-

203 3953 226 4022 r)
262 3953 290 4006 L.
314 3955 345 4006 Α.
371 3953 527 4017 dictatori,
566 3953 750 4025 Antiquitstes
774 3953 891 4009 italicae
915 3954 999 4007 medii
1024 3954 1084 4010 aevi
1107 3913 1240 4026 (Mediol.

134 4045 388 4102 Mnccxxxvlll.
407 4047 530 4119 etseq.)
563 4047 641 4101 Tom.
660 4048 697 4099 11.
718 4064 777 4118 pag.
800 4050 853 4102 286
871 4075 902 4088 —
920 4065 964 4118 90.

201 4175 232 4242 a)
264 4173 326 4225 Von
344 4171 398 4225 den
420 4160 630 4226 Handsclnisten
646 4172 705 4224 und
725 4171 869 4238 Ausgaben
884 4172 933 4260 des
950 4171 1093 4228 Saliaelren
1112 4173 1240 4230 Genetacs

132 4272 258 4326 steron
278 4264 370 4327 tried,
391 4263 495 4319 Ortloll.
532 4264 639 4331 Coburg
660 4264 717 4318 und
737 4265 845 4336 beipnig
875 4269 948 4335 ¹3³9ss
968 4269 993 4321 8.
