2906 5008
183 239 260 317 292
449 231 555 314 'men
574 257 849 316 primariorum
867 257 939 317 nr.
959 257 1031 316 xxr.

135 457 140 468 .
186 399 300 466 eludat
327 397 545 484 componendi
575 398 788 481 senteutiam,
820 399 877 464 red
910 398 1087 486 superioria
1115 401 1311 468 observetur

186 485 300 570 regula
323 482 514 546 sententiae.

271 566 367 633 Vlll.
408 565 443 628 si
465 585 552 647 apes,
575 563 695 644 idest,
726 585 863 630 examen
892 563 1033 630 alicuius
1055 587 1097 628 ex
1115 563 1197 651 apili
1219 568 1312 655 elap-

186 672 259 714 sum
279 650 399 725 fuerit,
420 657 454 710 et
473 645 507 707 in
537 647 669 710 alterius
698 651 839 712 nemoris
868 649 1019 722 arborem
1050 647 1241 730 intraverit,
1276 661 1312 715 et

185 733 244 796 ille
266 740 459 796 consecutus
481 731 590 808 luerit,
611 740 690 794 tuuc
712 731 899 815 interpellat
919 753 994 795 eum
1015 733 1109 795 cuius
1130 732 1226 795 arbor
1247 744 1310 814 est,

187 827 221 880 et
240 837 316 881 cum
335 817 426 878 fumo
447 822 480 875 et
509 814 770 909 percussionibus
791 816 893 880 ternis
915 816 956 879 dc
977 825 1160 879 transversa
1179 838 1310 895 secure,

185 901 214 964 si
236 909 351 984 potest,
372 919 467 960 suum
488 897 597 958 eiiciat
618 918 764 978 examen,
777 910 991 961 veruntamen
1013 900 1057 960 ita
1073 908 1111 960 ut
1129 898 1309 962 arbornon

186 983 344 1049 laedatur.
385 981 427 1042 Et
449 980 538 1061 quod
558 981 759 1060 remanserit,
780 981 879 1046 huius
909 981 952 1044 sit
970 982 1064 1045 cuius
1085 979 1184 1044 arbor
1204 994 1262 1048 est.

270 1066 326 1132 IX.
370 1063 404 1125 si
428 1071 534 1124 autem
557 1060 590 1122 in
615 1065 766 1148 capturis,
789 1087 872 1146 quae
895 1064 936 1126 ad
957 1065 1129 1149 capiendas
1148 1087 1223 1148 apes
1245 1087 1311 1152 po-

186 1159 325 1220 nuntur,
349 1145 382 1210 id
404 1155 463 1225 est,
487 1145 624 1210 vasculis
645 1168 758 1230 apum,
780 1147 879 1210 simili
900 1148 997 1210 modo
1019 1147 1208 1231 interpellat
1230 1171 1311 1212 eum

186 1232 280 1295 cuins
302 1228 468 1292 vasculum
490 1238 553 1308 est,
582 1241 613 1290 et
633 1229 761 1292 studeat
790 1253 884 1292 suum
911 1231 1018 1296 eicere
1048 1251 1197 1299 examen.
1237 1233 1312 1296 Ve-

185 1324 359 1379 runtamen
388 1311 557 1376 vasculum
585 1333 651 1374 non
681 1312 845 1396 aperietur
874 1336 935 1378 uec
964 1312 1121 1380 laedetur.
1176 1314 1211 1374 Si
1240 1314 1310 1400 lig·

187 1397 287 1459 neum
309 1405 367 1476 est,
389 1395 490 1458 ternis
511 1395 635 1457 vicibus
656 1393 737 1458 lidat
754 1395 790 1472 b)
812 1418 887 1458 eum
907 1395 1013 1460 terris.
1056 1396 1092 1460 si
1113 1417 1153 1458 ex
1177 1397 1311 1462 cortici-

185 1481 247 1544 bus
270 1487 325 1541 aut
346 1501 387 1542 ex
408 1477 546 1542 surculis
568 1477 781 1560 compositum
801 1479 926 1559 fuerit,
957 1501 1033 1540 cum
1053 1477 1179 1564 pugillo
1200 1482 1309 1543 ternis

186 1561 311 1629 vicibus
333 1562 536 1647 percutiatur
555 1562 720 1625 vasculum
741 1569 775 1623 et
795 1583 861 1624 uon
884 1560 1032 1649 amplius.
1073 1563 1115 1626 Εἰ
1137 1584 1216 1645 quas
1237 1563 1312 1626 eie-

181 1645 271 1710 'cerit
292 1667 367 1708 suae
390 1654 506 1728 eruut,
535 1653 568 1708 et
594 1666 678 1730 quae
701 1645 935 1726 remanserint,
969 1642 1071 1730 ipsius
1093 1656 1190 1710 erunt
1211 1646 1311 1710 cuius

188 1729 358 1794 vasculum
380 1737 438 1794 est.
670 1779 673 1790 .
718 1725 722 1738 '
1304 1775 1305 1780 η

270 1813 311 1876 Χ.
354 1811 389 1875 Si
409 1818 515 1872 autem
541 1807 710 1870 domiuum
731 1807 853 1872 arboris
874 1810 927 1873 vel
953 1809 1077 1873 vasculi
1106 1833 1173 1872 non
1201 1808 1311 1872 inter-

187 1895 373 1988 pellaverit,
395 1902 428 1956 et
452 1893 523 1956 siue
542 1891 632 1954 illius
653 1892 852 1956 conscientia
875 1893 1014 1956 eiectum
1036 1893 1124 1956 domi
1145 1902 1182 1970 c)
1208 1892 1311 1955 resti·

189 1981 300 2057 tuerit,
324 1988 355 2042 et
377 1975 434 2038 ille
456 1974 549 2038 cuius
580 1977 748 2038 vasculum
767 1977 875 2038 fuerat
896 1997 972 2038 eum
992 1976 1248 2060 compellaverit,
1270 1983 1310 2038 ut

188 2085 230 2128 ex
252 2083 311 2124 suo
332 2080 429 2144 opere
449 2059 503 2120 vel
524 2056 636 2119 arbore
654 2057 828 2136 retulisset,
850 2068 883 2120 ct
903 2060 944 2122 ad
964 2058 1202 2124 restituendum
1222 2079 1312 2120 com·

188 2143 373 2231 pellaverit,
395 2142 483 2224 quod
505 2150 641 2224 untprut
660 2140 708 2220 d)
730 2151 869 2228 vocant,
892 2150 925 2202 et
946 2142 1003 2204 ille
1025 2143 1108 2205 alius
1130 2139 1157 2204 si
1186 2163 1310 2224 negare

190 2227 354 2302 voluerit,
386 2235 418 2286 ct
439 2224 519 2286 dicit
548 2245 641 2286 suum
663 2234 874 2286 consecutum
901 2225 1022 2305 fuisse,
1053 2235 1133 2287 tunc
1154 2246 1227 2288 cum
1249 2246 1311 2287 sex

189 2306 475 2373 sacramentalibus
497 2307 582 2370 iuret
604 2305 693 2389 quod
713 2329 754 2369 ex
775 2329 833 2370 suo
854 2329 953 2390 opere
974 2309 1081 2391 ipsum
1102 2329 1238 2369 examen
1260 2307 1312 2369 in·

190 2392 273 2454 iuste
295 2413 361 2452 non
382 2391 519 2470 tulisset,
542 2412 602 2452 nec
625 2389 710 2460 illud
730 2390 770 2452 ad
792 2389 950 2452 iudicium
970 2393 1143 2454 restituere
1166 2391 1312 2457 deberet.

274 2472 333 2538 XI.
375 2476 449 2538 Pari
470 2473 565 2536 modo
587 2472 627 2534 de
649 2473 762 2536 avibus
783 2475 943 2536 sententia
963 2474 1119 2550 subiacet,
1141 2484 1179 2535 ut
1198 2473 1312 2536 nullus

191 2556 232 2622 tle
254 2556 387 2620 alterius
408 2557 498 2635 silva,
521 2555 665 2639 quamvis
686 2557 777 2639 priua
798 2556 957 2635 iuveniat,
978 2580 1053 2619 aves
1073 2555 1191 2620 tollere
1213 2577 1311 2639 prae-

191 2650 306 2720 sumat,
326 2639 388 2704 nisi
411 2641 480 2702 eius
502 2638 766 2702 commarchauus
784 2639 895 2718 suerit,
916 2662 1014 2723 quem
1034 2640 1184 2702 calasneo
1204 2646 1237 2714 e)
1258 2638 1309 2701 di-

192 2721 306 2788 cimus.
346 2723 390 2786 Et
407 2723 434 2785 si
455 2721 549 2785 aliter
567 2722 834 2804 praesumpserit,
867 2743 995 2806 semper
1013 2723 1226 2786 restitutionis
1254 2743 1310 2784 sa·

191 2815 392 2889 crementum
414 2805 533 2868 iustum
544 2805 590 2888 s]
610 2814 769 2889 putamus,
786 2806 932 2888 quamvis
947 2804 1078 2867 minima
1099 2805 1142 2870 sit
1161 2804 1310 2890 querela,

192 2913 269 2956 eum
290 2911 348 2952 sex
369 2887 651 2952 sacramentalibus
676 2887 783 2951 iurare
807 2889 862 2950 lex
883 2888 1060 2971 compellit.

276 3009 318 3070 In
341 3019 477 3089 quatuor
494 3003 661 3066 Codicibus
677 3005 826 3067 boc‘loco
842 3005 957 3086 legitur
981 3003 1161 3088 Capitulum
1183 3003 1311 3065 unicum

158 3132 164 3144 ·
194 3089 236 3152 de
255 3091 387 3174 porcis,
414 3087 503 3168 quod
527 3107 623 3170 supra
644 3101 719 3171 post
744 3100 838 3170 caput
863 3109 979 3150 nonum
1005 3089 1092 3148 tituli
1112 3087 1200 3146 tertii
1226 3085 1309 3146 rela-

195 3187 262 3236 tum
288 3185 344 3233 est.
396 3171 522 3232 Deinde
558 3185 621 3231 tres
651 3172 763 3232 borum
789 3170 941 3251 Codicum
965 3172 1022 3234 sub
1043 3169 1153 3232 eadem
1180 3169 1312 3231 rubrica

195 3255 275 3317 duas
300 3255 380 3314 alias
402 3254 484 3334 leges
510 3253 660 3319 exhibent
684 3254 733 3313 bis
762 3253 888 3315 verbis.-
1138 3251 1142 3262 ’

209 3375 214 3383 «
279 3338 322 3397 11.
364 3336 424 3397 llle
445 3356 557 3399 servus
581 3335 755 3413 fiscalinus,
774 3336 832 3419 qui
853 3336 980 3398 hortem
1002 3333 1081 3397 facit
1102 3335 1192 3412 (Duo
1207 3332 1314 3396 Coun.

195 3420 231 3484 in
245 3420 365 3480 hostem
380 3419 489 3499 vadit)
510 3439 570 3504 pro
586 3418 680 3481 fredo
693 3419 762 3480 XL.
784 3420 841 3482 sol.
864 3430 901 3482 ut
916 3417 972 3482 ulii
989 3415 1086 3480 liberi
1104 3418 1196 3495 (Duo
1207 3416 1312 3477 Gonu.

196 3523 271 3565 anu.
293 3509 487 3587 conponat.)

278 3583 340 3650 ΙΙΙ.
381 3584 475 3646 Alter
494 3585 579 3659 (Ur.
594 3565 675 3650 Con.
696 3585 815 3658 aliter)
831 3605 943 3648 servus
962 3581 1019 3668 qni
1039 3582 1177 3646 ferinam
1194 3589 1226 3679 et
1240 3579 1317 3640 bra--

196 3689 269 3734 uem
289 3665 369 3753 (Ur.
387 3669 466 3728 Con.
487 3668 613 3729 brazam
629 3668 745 3730 Aurea.
766 3668 907 3746 brazam)
928 3689 988 3730 suo
1001 3666 1132 3730 domiuo
1152 3667 1242 3747 facit,
1262 3683 1313 3725 so·

196 3751 281 3815 lidos
305 3748 363 3814 VI.
383 3772 443 3836 pro
459 3749 552 3813 fredo
573 3750 687 3814 solvat.

375 3892 377 3900 ·
412 3865 610 3932 Exrmcrr
652 3885 723 3928 nar
764 3867 1101 3930 Brruvtmorru.

199 4069 661 4099 W-——nn

267 4155 301 4221 t)
319 4153 360 4207 Al.
380 4170 439 4206 mss.
459 4147 555 4213 ledat,
585 4150 693 4222 levat,
722 4147 749 4222 c)
765 4148 809 4204 Al.
826 4168 888 4206 mss.
906 4148 1023 4213 domini,
1041 4147 1165 4203 domino.
1209 4143 1253 4216 d)
1270 4143 1318 4200 Al.

197 4245 260 4288 mss.
279 4236 433 4298 unterprur.
470 4220 497 4294 e)
512 4221 565 4278 llu.
583 4220 650 4277 ece
671 4220 809 4284 calesues.
835 4221 879 4296 f)
896 4221 1007 4276 Plurimi
1026 4219 1113 4276 Codd.
1132 4219 1279 4285 iniustum.
