2906 5008
334 301 534 368 russrsrto
570 306 674 366 sacis
710 285 1006 366 sunsunnioaou
1157 287 1240 364 ttttss

137 451 356 522 iudicantibus
386 449 457 512 fieri
487 448 705 533 prohibemus.
758 451 826 514 Nec
855 444 950 510 fiscus
977 455 1087 510 noster
1118 450 1245 534 aliquid

134 537 271 622 amplius
295 540 492 616 praesumat,
532 553 628 614 quam
648 533 737 618 quod
754 533 794 595 de
811 530 878 592 sola
905 530 1063 592 inlatione
1080 531 1112 619 s)
1140 536 1247 596 mul-o·

134 631 186 683 tae
211 617 337 701 legibus
358 615 478 698 legitur
511 618 730 684 constitutum.
773 614 884 676 Sciant
914 613 1024 695 itaque
1056 617 1245 699 optimates,

135 702 288 779 comites,
314 695 508 772 consiliarii,
540 696 727 777 domestici,
761 705 794 760 et
812 695 947 757 maiores
971 697 1082 762 domus
1106 710 1248 778 nostrae,

134 781 341 858 cancellarii,
372 787 404 842 et
422 789 486 841 tam
503 780 750 866 Burgundiones
768 786 796 864 t)
842 800 914 838 uam
931 779 1065 839 Romani
1079 782 1247 844 civitatum
1329 828 1330 831 η

137 878 193 931 ant
218 885 374 948 pagorum
399 867 549 940 comites,
581 863 635 927 ael
664 862 788 925 iudices
819 801 965 943 deputati
985 882 1114 942 omnes,
1150 866 1248 926 etiam

137 950 315 1013 militantes
339 955 391 1023 a),
419 944 501 1004 nihil
521 945 611 1008 sede
634 946 753 1008 caussis
775 943 848 1021 his,
875 963 958 1026 quse
975 951 1062 1006 actae
1087 956 1142 1007 aut
1159 947 1248 1009 iudi·
1327 1021 1329 1033 ,

138 1043 229 1096 eatae
252 1027 394 1105 fuerint,
432 1025 557 1108 aliquid
587 1039 790 1112 accepturos,
824 1034 880 1087 aut
905 1047 922 1087 a
947 1025 1251 1113 litigantibuspro-

138 1113 299 1180 missionis
327 1111 378 1172 vel
405 1107 537 1192 praemii
566 1111 697 1174 nomine
726 1108 941 1193 quaesituros:
982 1127 1042 1171 neo
1074 1123 1180 1194 partes
1208 1113 1249 1180 ad

138 1193 433 1280 compositionem,
445 1199 483 1254 ut
508 1190 633 1273 aliquid
657 1193 709 1256 vel
739 1192 785 1254 sic
801 1189 982 1272 accipiant,
1004 1192 1247 1266 aiudie'e'com·

138 1280 311 1364 pellantur.
354 1271 487 1352 Quodsi
507 1274 581 1356 quis
602 1284 849 1337 memoratorum
871 1283 1040 1356 corruptus
1071 1287 1182 1338 contra
1203 1279 1249 1339 le·

137 1384 194 1446 ges
219 1367 360 1434 nostras,
396 1364 451 1422 aut
471 1356 570 1428 stiam
589 1357 907 1434 interradimus),
935 1355 975 1418 de
996 1379 1105 1420 caussa
1126 1360 1180 1421 vel
1196 1360 1249 1419 iu-

137 1443 225 1506 dicio
249 1439 427 1524 praemium
451 1439 619 1501 convictus
646 1440 748 1505 fuerit
783 1437 961 1520 accepisse,
999 1441 1040 1501 ad
1066 1439 1249 1526 eiemplum

138 1525 284 1588 omnium
304 1521 437 1605 probato
459 1520 594 1584 crimine
617 1522 721 1605 capite
746 1521 916 1604 puniatur:
940 1519 984 1581 ita
1006 1533 1041 1584 ut
1062 1525 1249 1588 facultatem
1351 1541 1353 1550 ‘

137 1609 229 1684 eius,
262 1605 295 1666 in
326 1625 392 1686 quo
412 1603 568 1665 venalitas
593 1604 796 1680 vindicatur,
820 1602 904 1664 *liliis
932 1611 988 1663 aut
1013 1605 1163 1689 legitimis
1193 1606 1250 1671 he·

140 1691 273 1754 redibas
302 1687 389 1763 suis,
424 1699 523 1768 (quae
551 1686 679 1770 inipso
701 1688 814 1769 punita
841 1693 907 1758 est,
936 1685 1032 1770 culpa
1057 1709 1123 1750 non
1155 1690 1251 1752 aute-

139 1783 190 1836 rat
210 1779 269 1844 w).
330 1768 469 1832 Notariis
505 1789 580 1830 sane
615 1771 841 1852 deputatorum
865 1767 1027 1846 iudicum,
1070 1794 1129 1854 pro
1168 1773 1251 1834 iudi·

140 1855 265 1919 cioram
283 1851 457 1916 commodis
480 1849 513 1910 in
549 1851 667 1912 caussis
699 1853 784 1913 ultra
815 1852 929 1912 decem
951 1852 1070 1916 solidos
1093 1853 1250 1933 addictis,

141 1936 285 2019 singulos
318 1934 477 1996 tremisses
498 1935 682 1995 censuimus
706 1955 797 2016 posse
820 1933 988 1996 sufficere:
1026 1935 1110 1996 iutra
1138 1939 1249 2000 decem

140 2019 263 2082 solidos
286 2015 410 2078 minora
429 2016 595 2077 commoda
617 2015 820 2099 quaesituris.
876 2015 969 2077 luter
988 2017 1147 2080 Romanos
1170 2041 1250 2082 vero

143 2101 315 2162 interdicto
352 2097 450 2160 simili
489 2097 675 2160 conditione
703 2097 886 2160 venalitatis
917 2099 1073 2178 crimine,
1125 2102 1251 2171 siouts

142 2183 328 2268 parentibus
352 2180 466 2242 nostris
488 2190 643 2242 statutum
676 2190 741 2259 est,
773 2179 922 2242 Romanis
946 2180 1069 2263 legibus
1089 2184 1251 2266 praecipi-

144 2287 214 2326 mus
236 2262 390 2325 indicari:
418 2262 477 2345 qui
500 2263 635 2324 formam
654 2271 687 2324 et
706 2262 940 2346 expositionem
961 2263 1070 2345 legum
1089 2269 1250 2351 conscrip-

144 2359 228 2425 tam,
270 2345 411 2428 qualiter
443 2346 670 2424 iudicent,*se
691 2397 698 2404 ff,
711 2345 865 2406 noverint
892 2356 1098 2428 accepturos,
1127 2359 1163 2408 ut
1193 2371 1252 2432 per

144 2429 358 2514 ignorantiam
368 2450 401 2490 se
414 2428 524 2490 nullus
539 2435 679 2494 excuset.
712 2429 761 2488 De
778 2427 860 2490 male
872 2448 948 2488 vero
959 2438 1031 2491 ante
1048 2440 1119 2493 acto
1132 2440 1253 2514 tempo·

144 2534 180 2576 re
210 2511 378 2588 iudicatis,
417 2510 533 2592 prioris
566 2511 648 2594 legis
676 2509 778 2572 forma
811 2509 1000 2576 servabitur.
1054 2513 1123 2574 Hoc
1156 2516 1252 2578 etiam

144 2595 339 2670 inserentes,
371 2601 409 2652 ut
426 2592 452 2654 si
473 2594 557 2654 forte
575 2593 676 2654 iudex
698 2593 732 2652 in
757 2591 963 2674 corruptione
982 2603 1147 2657 accusatus
1171 2619 1253 2658 con-

143 2675 231 2739 vinci
262 2676 353 2738 nulla
375 2675 500 2736 ratione
525 2675 685 2758 potuerit,
719 2682 884 2738 accusator
907 2674 1005 2736 simili
1028 2697 1151 2758 poenae
1175 2679 1253 2739 sub-

144 2758 264 2833 iaceat,
278 2780 374 2840 quam
397 2757 536 2819 iudicem
563 2765 750 2843 corruptum
770 2755 983 2840 praecipimus
1009 2759 1173 2822 sustinere.
1218 2760 1254 2821 Si

144 2838 226 2921 quid
243 2861 320 2900 vero
340 2839 464 2921 legibus
492 2841 609 2902 nostris
634 2859 700 2901 non
720 2849 851 2902 tenetur
882 2839 1056 2916 insertum,
1092 2841 1154 2904 hoc
1184 2851 1255 2903 tan·

146 2932 215 2983 tum
246 2921 286 2981 ad
314 2941 372 2981 nos
393 2923 514 2984 referre
539 2923 752 3006 praecipimus
784 2921 974 3004 iudicantes.
1022 2922 1149 3005 Siquis
1176 2946 1253 2988 sane

147 3002 312 3081 iudicum,
361 3011 425 3062 tam
452 3003 609 3066 Barbarus
636 3027 733 3088 quam
762 3005 943 3079 Romanus,
980 3025 1040 3088 per
1063 3006 1253 3089 simplicita-

146 3094 212 3146 tem
234 3093 289 3145 aut
309 3085 538 3166 negligentiam
559 3097 779 3170 (praeventus,
800 3085 933 3148 forsitan
947 3091 983 3164 x)
1005 3109 1070 3146 non
1092 3110 1146 3166 ea,
1169 3097 1273 3172 quae

145 3167 236 3250 leges
261 3168 447 3239 continent,
480 3165 652 3248 iudicavit,
669 3213 675 3227 ,η
691 3180 724 3231 et
744 3191 782 3231 ea
809 3167 1015 3252 corruptione
1038 3169 1162 3232 alienus
1185 3175 1253 3251 est,

146 3247 253 3314 XXX.
275 3248 394 3310 solidos
416 3250 574 3311 Romanos
595 3273 628 3313 se
648 3251 777 3312 noverit
797 3249 990 3324 inlaturum,
1014 3272 1123 3316 caussa
1145 3253 1254 3318 denuo

145 3332 298 3394 'discussis
315 3331 458 3413 partibus
473 3333 653 3395 iudicanda.
687 3333 776 3394 lllud
796 3332 1005 3411 adiicientes,
1027 3345 1064 3395 at
1084 3335 1111 3396 si
1130 3336 1255 3400 iudices

145 3416 241 3476 tertio
246 3414 287 3494 y)
312 3415 507 3498 interpellati
543 3436 609 3476 non
633 3414 871 3492 iudicaverint,
899 3424 931 3476 et
951 3437 1092 3478 caussam
1116 3417 1255 3498 habeus,

147 3496 441 3580 interpellationem
462 3507 600 3558 nostram
620 3496 796 3560 crediderit
817 3497 1046 3579 expetendam,
1081 3509 1113 3561 et
1133 3501 1255 3564 iudices

147 3601 222 3641 suos
236 3585 301 3652 (ter
321 3601 354 3640 se
374 3579 613 3662 interpellasse,
644 3589 677 3641 et
694 3599 759 3640 non
777 3600 811 3640 se
832 3578 977 3641 auditum
998 3581 1097 3643 fuisse
1114 3589 1146 3662 z)
1178 3605 1256 3666 pro-

147 3660 289 3739 baverit,
320 3663 393 3728 XII.
424 3663 602 3725 solidorum
624 3661 724 3726 iudex
741 3659 898 3724 inlatione
920 3662 1119 3726 multabitur.
1159 3665 1202 3728 Ar
1228 3667 1256 3730 si

215 3897 240 3966 s)
261 3897 371 3950 Herold.
389 3899 584 3954 desolatione.
637 3897 638 3900 ’
665 3899 761 3968 nun.
783 3899 850 3955 cod.
883 3901 998 3955 Comites
1022 3920 1130 3974 quoque
1149 3917 1176 3958 et
1193 3923 1259 3958 con·

144 3968 270 4028 sitierit,
306 3981 333 4022 et
357 3981 412 4022 tam
438 3969 646 4041 Burgundiones
668 3983 718 4025 etc.
795 3971 825 4037 u)
851 3971 962 4024 Herold.
989 3971 1127 4042 deputati,
1166 3994 1259 4027 amires

144 4038 229 4088 etiam
248 4050 274 4090 et
290 4039 397 4090 milites.
474 4048 503 4105 v
527 4039 637 4094 Herold.
665 4048 693 4095 et
718 4058 764 4092 un.
794 4040 861 4093 cod.
890 4044 992 4096 iniuste
1017 4041 1152 4096 iudicans.
1177 4073 1180 4081 ‹
1223 4051 1260 4121 w)

147 4107 261 4161 Herold.
282 4125 353 4178 puae
373 4109 403 4159 in
423 4109 480 4178 ipso
500 4113 611 4178 privato
627 4123 669 4164 est
686 4111 789 4179 culpa,
820 4113 1038 4186 nonsaaseront.
1108 4113 1140 4182 x)
1156 4115 1263 4176 Desunt

146 4176 177 4228 in
198 4177 237 4244 al.
257 4195 317 4232 mss.
383 4177 418 4247 y)
435 4179 544 4232 Herold.
571 4178 675 4240 iudico
699 4181 782 4236 timul
805 4181 896 4239 aruo.
965 4182 994 4252 z)
1019 4182 1129 4238 Herold.
1162 4198 1206 4240 ter
1228 4204 1260 4250 se

131 4249 254 4304 'summe
273 4261 298 4303 ar
316 4267 373 4303 aon
390 4247 532 4305 iudicasse.
704 4287 705 4293 κ
919 4256 921 4269 “
1096 4303 1098 4306 ,
1215 4292 1235 4306 ,.
