2900 5020
391 275 494 330 rrers
512 272 800 328 nunnunmonun
818 271 881 328 rrr
898 271 976 327 nn.
1162 252 1235 324 309

213 419 267 483 XI.
309 415 344 476 Si
372 416 534 497 ingennus
551 412 729 495 fugientem
754 411 859 474 sciens
882 410 1020 493 fugitivo
1041 409 1162 472 litteras
1185 410 1236 472 fc-

128 501 230 576 cerit,
260 521 372 560 manns
405 498 563 558 incisione
598 497 791 560 damnetur:
825 493 851 556 si
882 514 993 557 servus
1020 492 1087 555 hoc·
1110 495 1237 574 fecerit,

129 583 269 668 acceptis
298 581 389 642 CCC.
409 579 547 641 fustibus
578 587 610 642 et
640 573 707 662 ipse
732 599 846 639 manns
870 575 1027 638 incisione
1056 577 1234 643 damnetur.

156 771 248 840 Tru.
280 765 367 838 VII.
416 764 476 834 De
495 764 610 834 servis
635 773 672 831 et
695 761 923 855 originariis,
950 761 1012 855 qui
1036 773 1214 864 vocantur

517 897 522 908 ‹
567 887 607 932 m
632 884 795 932 crimme.

216 1020 304 1081 Inter
323 1014 587 1100 Burgundionem
614 1024 646 1076 et
665 1016 845 1084 Romanum
872 1013 953 1078 haec
973 1016 1073 1077 forma
1094 1018 1238 1079 servabi-

1 1112 9 1131 ”
131 1113 194 1167 tur.
248 1101 283 1162 Si
309 1102 544 1182 dqnocunque
574 1097 696 1160 crimen
722 1097 892 1176 obiicitur,
913 1099 1003 1180 quod
1024 1099 1064 1159 nd
1086 1119 1240 1182 praesens

9 1186 29 1220 ¹²
131 1185 268 1268 probare
289 1203 354 1244 non
382 1190 496 1264 potest,
519 1181 552 1241 id
579 1182 727 1242 volumus
749 1180 928 1258 custodiri,
961 1188 997 1241 ut
1026 1181 1094 1244 sive
1126 1203 1239 1244 servus

28 1281 32 1304 ³
131 1265 268 1329 Romani
294 1265 362 1328 sive
390 1263 631 1346 Burgundionis
658 1263 700 1324 sit
728 1264 785 1345 qui
809 1271 944 1327 vocatur
965 1263 999 1322 in
1031 1263 1158 1345 culpam
1183 1275 1238 1342 y),

19 1357 35 1390 ’ψ
123 1371 199 1436 ιιιοη
231 1346 444 1429 compellatur
465 1345 613 1407 dominns
634 1355 830 1408 sacramenta
853 1345 1020 1428 praebere,
1046 1365 1153 1426 neque
1178 1367 1239 1430 pro

132 1452 225 1494 servo
262 1451 369 1511 neque
404 1450 463 1512 pro
493 1428 686 1510 originario:
725 1428 783 1490 sed
813 1451 887 1490 cum
920 1427 1041 1489 crimen
1077 1427 1239 1489 obiectum

133 1513 247 1591 fuerit,
268 1533 325 1573 sen
340 1513 425 1572 servi
439 1533 496 1572 seu
514 1511 634 1588 coloni,
655 1511 795 1593 pretinm
809 1510 897 1572 inxta
911 1529 1065 1592 personae
1089 1511 1239 1572 meritum

21 1607 25 1639 ῑ
132 1596 198 1673 fiat,
221 1595 310 1677 quod
333 1594 484 1654 dominus
508 1593 587 1670 eius,
609 1595 700 1654 cuius
720 1614 829 1654 servus
858 1602 906 1654 est
928 1601 983 1651 aut
1007 1592 1165 1670 colonus,
1197 1593 1237 1655 de

21 1715 26 1722 ·
131 1677 293 1762 praesenti
313 1683 346 1748 z)
367 1676 534 1759 percipiat,
563 1683 618 1742 aut
633 1674 827 1758 mancipium
848 1675 918 1738 eius
939 1673 1043 1734 meriti
1065 1696 1239 1758 consequa·

132 1771 197 1822 tur.
241 1760 338 1837 Quod
365 1781 438 1821 cum
462 1759 505 1816 ita
529 1756 651 1818 factum
668 1759 778 1838 fuerit,
800 1757 938 1854 ⁵¹¹⁰fl⁰³
963 1765 1097 1817 vocatur
1122 1758 1154 1816 iu
1171 1759 1239 1818 *cri-

133 1842 234 1919 mine,
259 1841 360 1902 iudici
383 1839 527 1900 tradatur
546 1839 586 1900 ed
605 1862 753 1922 poenam,
785 1850 823 1901 ut
849 1862 876 1901 st
903 1835 1065 1900 consessus
1085 1839 1185 1900 fuerit
1203 1861 1237 1902 se

19 1941 28 1974 '-
135 1924 298 1985 admisisse
324 1923 413 2006 quod
430 1921 592 1998 obiicitur,
616 1923 755 2004 pretium
777 1921 912 2005 recipiat
933 1921 988 1981 ille
1016 1920 1072 2002 qui
1092 1921 1236 2000 dederat,
1307 1981 1311 1990 ,

136 2016 169 2068 et
191 2027 302 2068 servus
317 2006 356 2067 de
375 2005 523 2066 confesso
539 2005 673 2065 crimine
692 2006 866 2072 occidatur.
898 2005 945 2064 Ita
959 2011 995 2062 ut
1009 2003 1049 2062 dc
1064 2004 1235 2084 solutione,

15 2107 17 2114 ·
136 2089 226 2170 qnod
243 2087 388 2170 superius
407 2095 560 2148 statutum
576 2098 623 2148 cst
640 2087 836 2153 observetur.
865 2086 897 2146 Si
918 2093 1025 2148 autem
1041 2106 1152 2148 servus
1169 2087 1237 2150 sIve

136 2172 271 2232 colonus
297 2170 331 2230 in
355 2169 521 2230 tormentis
543 2171 707 2231 confessus
729 2191 795 2230 non
818 2169 936 2246 fuerit,
958 2167 985 2228 is
1008 2167 1065 2249 qui
1090 2190 1163 2230 cum
1188 2171 1236 2229 ic-

134 2254 262 2336 scripsit
290 2251 420 2313 domino
441 2273 500 2313 suo
527 2251 655 2314 reddat:
687 2261 718 2313 ct
742 2251 913 2328 (dominus
942 2249 1009 2332 ipse
1040 2260 1095 2310 aut
1125 2251 1238 2313 vicari-

21 2383 24 2390 .
134 2357 348 2414 ansanum,
370 2356 468 2417 quem
492 2356 553 2419 pro
575 2355 681 2420 poena
707 2335 793 2399 servi
815 2332 1000 2396 innocentis
1025 2333 1160 2420 accepit,
1181 2343 1236 2399 aut

132 2417 274 2502 pretium
295 2427 404 2480 teneat
427 2425 473 2491 a).

134 2601 225 2673 Tl'r.
252 2601 355 2674 VIII.
405 2603 465 2674 De
492 2601 695 2672 obiectione
725 2602 919 2672 criminum
954 2623 1046 2695 quae
1070 2601 1234 2694 ingenuis

560 2703 811 2771 intenduntur.

215 2845 242 2905 Ι.
282 2843 317 2906 Si
345 2845 504 2926 ingenuus
531 2865 590 2927 per
613 2843 829 2927 suspicionem
856 2852 992 2906 vocatur
1025 2845 1059 2906 in
1089 2844 1234 2928 culpans,

134 2937 200 2989 tam
225 2926 377 2988 barbarus
397 2947 498 3008 quam
516 2927 686 3004 Romanus,
707 2937 902 2989 sacramenta
927 2927 1087 3009 praebeat,
1110 2938 1237 2989 etcum

135 3031 237 3070 uxore
258 3018 289 3069 et
312 3009 384 3068 filiis
406 3017 437 3068 et
459 3009 647 3090 propinquis
669 3009 728 3069 sihi
748 3009 918 3070 duodecim
938 3011 967 3088 b)
984 3010 1086 3071 iuret:
1106 3010 1133 3070 si
1154 3033 1233 3085 vero

136 3113 270 3153 uxorem
296 3099 327 3152 et
352 3090 434 3151 filios
461 3111 527 3149 non
550 3089 710 3168 habuerit,
731 3101 791 3165 (et
806 3100 927 3172 patrem
946 3100 1002 3151 ant
1021 3101 1153 3152 matrem
1175 3093 1232 3154 ha·

132 3174 241 3236 buerit
256 3181 299 3251 c),
322 3194 394 3234 cum
409 3181 500 3255 patre
514 3181 568 3231 aut
582 3180 679 3232 matre
695 3194 864 3233 nnmerum
877 3174 1007 3256 impleat
1026 3169 1235 3255 designatum,

134 3255 231 3334 Quod
255 3256 283 3316 si
305 3275 366 3316 nec
385 3264 508 3338 patrem
530 3274 590 3314 nec
618 3264 749 3316 matrem
769 3255 937 3334 hahuerit,
969 3279 1042 3318 cum
1064 3257 1234 3319 duodecim

131 3337 283 3422 proximis
306 3339 438 3420 impleat
458 3347 700 3402 sacramentum.

213 3420 254 3480 ll.
296 3421 390 3500 Quod
417 3420 443 3481 si
466 3419 497 3480 ei
518 3428 751 3479 sacramentum
777 3419 817 3480 de
838 3421 1005 3499 mannis,
1038 3421 1092 3482 cui
1119 3421 1232 3486 iuran-

134 3501 212 3563 dum
233 3511 292 3573 est,
316 3504 430 3564 tollere
459 3501 609 3579 voluerit,
632 3511 804 3582 antequam
823 3502 1000 3563 Ecclesiam
1021 3505 1231 3586 ingrediatur,

133 3583 184 3644 illi
201 3583 258 3666 qui
271 3593 503 3647 sacramentum
516 3584 627 3644 andire
641 3584 718 3645 inssi
735 3594 819 3660 sunt,
838 3593 933 3665 (quos
948 3587 965 3644 ai
983 3586 1143 3647 iudicibus
1163 3597 1232 3646 ter-

132 3687 190 3727 nos
216 3667 408 3748 semperad
434 3674 667 3728 sacramentnm
694 3667 891 3726 audiendum
910 3667 1121 3749 praecipimus
1145 3668 1231 3729 dele-

133 3748 225 3830 gari)
254 3758 475 3812 contestentur
495 3771 528 3811 se
561 3749 648 3810 nolle
677 3747 1080 3833 sacramanta'peroiperea
1109 3759 1142 3812 ct
1163 3771 1229 3818 non

195 4002 229 4070 y)
245 4001 287 4053 Al.
306 4019 365 4053 mss,
385 4005 416 4054 in
434 4005 556 4056 crimine.
627 4002 655 4072 z)
672 4003 781 4056 Herold.
802 4007 880 4058 cuius
896 4021 989 4058 servus
1007 4016 1056 4056 cut
1073 4003 1186 4054 colonus
1212 4022 1231 4060 a

130 4073 245 4141 petitore
263 4075 294 4123 in
308 4085 458 4143 praesente.
521 4080 553 4138 a)
569 4073 679 4130 Herold.
691 4071 814 4129 dorcium
832 4078 917 4146 ipsum
932 4089 981 4128 aut
998 4075 1098 4126 vicarii
1108 4071 1230 4136 'servum

56 4184 60 4191 .
131 4139 205 4211 quod
218 4161 268 4212 pro
285 4159 376 4212 poena
394 4142 471 4194 servi
488 4142 643 4196 innocentis
662 4147 776 4215 accepit.
845 4145 874 4216 h)
890 4146 931 4199 nt
950 4163 1010 4198 mss.
1028 4145 1083 4197 sibi
1100 4141 1231 4196 duodeci-

132 4228 183 4262 no.
260 4214 291 4282 c)
308 4213 414 4266 Desunt
430 4211 483 4266 ista
499 4212 529 4265 in
548 4213 581 4268 al.
602 4211 689 4268 Codd.
