2906 5008
210 233 290 318 U
401 248 505 310 tems
521 245 791 308 salutassemus
807 240 1090 306 sternacem.
1109 243 1161 304 nt.
1218 239 1223 247 '
1435 213 1442 298 l

212 393 328 482 Μή,
349 401 409 462 eut
429 387 601 475 designetis
619 387 778 466 terminio,
797 409 858 471 per
871 389 952 451 haec
971 386 1067 450 verba
1085 388 1178 450 tollat
1190 388 1231 452 de
1251 381 1328 473 ipsa

213 492 309 558 terra,
329 478 381 538 vel
403 485 541 536 aratrum
560 473 788 548 circumducat,
804 473 856 533 vel
876 473 916 534 de
936 471 1061 547 herbis,
1080 473 1252 550 autramis,
1267 475 1329 534 sil-
1440 465 1441 482 ³

212 585 252 623 va
268 563 295 625 ei
312 559 430 622 lueritt
450 559 519 640 Ego
530 554 589 616 tibi
605 555 733 630 tradidi,
744 564 776 614 et
793 554 934 636 legitime
947 552 1078 614 firmabo
1087 575 1144 638 per
1154 564 1261 616 ternas
1276 555 1328 618 vi⁴

213 667 276 708 ces.
317 642 411 706 Dicat
430 637 510 700 haec
531 635 637 713 rerba,
655 645 688 695 et
708 657 782 696 eum
796 635 926 698 dextera
944 658 1041 696 mann
1054 636 1172 706 tradati
1190 655 1264 697 curn
1282 639 1327 699 si-

213 730 407 792 nistmwere
419 722 504 804 porri
529 727 560 779 at
571 719 709 781 wadium
722 719 796 780 huie
806 721 862 800 qui
877 720 917 780 de
932 719 998 800 ipsa
1015 730 1100 779 terra
1114 739 1188 778 eum
1198 720 1325 795 mallet,
1437 699 1441 790 l

212 809 364 896 pervlmee
381 797 496 867 verba:
564 801 755 862 cewadium
773 800 833 861 tibi
852 801 1325 883 doquodterramtuamalteri
1438 794 1442 820 '

215 893 361 965 arun-idn,
388 888 491 968 legem
512 877 670 946 faciendo.
712 885 806 944 Tunc
829 885 885 945 ille
907 885 989 944 alter
1009 883 1163 963 suscipiat
1179 885 1324 945 wadium

153 995 159 1010 ³
215 986 248 1038 et
267 960 475 1036 donatillam
496 965 707 1030 ticesaoribue
736 965 826 1026 istius
852 966 892 1026 ad
918 967 1024 1046 legem
1051 965 1240 1032 faciendam.
1283 967 1324 1028 si

215 1079 308 1119 causa
334 1051 432 1114 fuerit
455 1051 541 1112 inter
563 1049 637 1110 illos
659 1069 798 1130 pugnae,
823 1049 909 1109 dicat
930 1047 988 1107 ille
1008 1047 1064 1128 qui
1085 1047 1225 1108 wadium
1251 1071 1324 1110 sus·

215 1139 316 1222 cepit:
339 1127 463 1198 Iniuste
482 1128 681 1194 territorium
702 1152 808 1192 meum
827 1130 920 1192 alteri
946 1127 1088 1205 firmasti,
1106 1129 1139 1190 id
1162 1140 1220 1203 est,
1242 1132 1324 1192 sarrs⁴

214 1221 335 1301 virotos
358 1217 407 1290 k).
453 1213 560 1298 lpaum
584 1211 662 1272 mihi
692 1212 787 1274 debes
813 1211 967 1288 reddere,
996 1221 1029 1272 et
1051 1231 1125 1272 cum
1146 1212 1323 1274 duodecim

128 1348 131 1360 ,
214 1291 327 1366 solidis
354 1317 556 1382 componere.
609 1295 702 1356 Tunc
724 1287 905 1378 spondeant
931 1315 1071 1376 pugnam
1096 1294 1252 1370 duorum,
1287 1307 1323 1356 et

215 1385 255 1464 ad
280 1382 340 1446 Dei
366 1380 526 1464 pertineat
543 1376 722 1446 iudicium.¹
752 1379 809 1438 Sin
834 1387 952 1456 autem,
977 1396 1049 1436 curu
1069 1386 1266 1438 sacramento
1285 1377 1321 1438 se

215 1465 379 1540 defendat,
402 1463 436 1523 id
462 1471 520 1538 est,
540 1481 614 1521 cum
638 1459 828 1536 duodecim,
850 1460 937 1543 quod
956 1479 1043 1518 suam
1062 1466 1180 1519 terram
1198 1458 1321 1520 iniuste

216 1571 283 1610 non
314 1547 455 1607 firmaret
480 1543 592 1620 alteri,
627 1563 687 1604 nec
712 1563 786 1603 suae
821 1541 935 1602 ditioni
958 1539 1128 1604 restituere
1156 1539 1319 1618 deberet,

216 1653 277 1693 nec
299 1651 373 1692 cum
397 1625 568 1688 duodecim
591 1625 702 1686 solidis
723 1641 927 1706 componere.

234 1756 377 1859 'Tm
402 1777 547 1854 xvnl.
597 1775 656 1847 De
690 1775 843 1848 mortuis
875 1786 912 1845 et
943 1795 1072 1846 eorum
1108 1775 1239 1845 causis.

358 1946 433 2009 Car.
454 1945 480 2014 Ι,
522 1939 560 2004 Si
575 1954 729 2004 mortuum
745 1963 789 2004 ex
803 1954 1000 2004 monumento
1023 1941 1157 2002 eiecerit.

226 2092 231 2110 ‚
296 2053 419 2132 Siquis
436 2055 599 2110 mortuum
620 2045 757 2105 liberum
772 2046 811 2106 de
829 2054 1038 2106 monumento
1059 2043 1229 2120 effodierit,
1243 2065 1317 2106 cum

214 2135 424 2218 qnmltaginta
443 2129 554 2194 solidis
579 2136 748 2209 componat
768 2127 965 2211 parentibus,
987 2137 1021 2189 et
1043 2127 1148 2211 ipsum
1162 2129 1249 2210 quod
1270 2128 1316 2190 ibi

215 2219 291 2280 tulit
318 2215 478 2278 t'ultirum
505 2220 686 2293 componat.

452 2327 527 2388 Cer.
550 2324 594 2391 ll.
635 2321 673 2383 Si
690 2327 724 2383 tn
746 2315 877 2403 flumine
899 2323 1078 2408 proiecerit.

238 2441 322 2514 ,,Ῑ.
365 2441 488 2526 Siquis
510 2439 652 2502 liberum
673 2433 829 2500 occiderit
856 2436 980 2499 furtivo
1001 2438 1114 2518 modo,
1147 2438 1233 2500 etin
1256 2437 1318 2501 flu-1

214 2549 291 2593 men
309 2523 459 2603 eiecerit,
481 2523 532 2587 vel
558 2525 590 2582 in
615 2523 711 2582 talem
733 2521 839 2580 locum
866 2529 900 2581 nt
921 2521 1058 2584 cadaver
1084 2521 1220 2583 reddere
1252 2545 1316 2584 non

216 2609 379 2698 quiverit,
407 2608 495 2691 quod
527 2604 689 2676 llaiuvarii
712 2602 909 2664 murdridam
939 2605 976 2677 i)
1004 2604 1138 2680 dieunt,
1173 2603 1317 2685 inprimis

215 2689 519 2774 umquadraginta
542 2686 652 2750 solidis
679 2695 867 2766 componat,
897 2706 935 2746 eo
961 2687 1048 2766 quod
1067 2689 1165 2747 funus
1186 2688 1225 2748 ad
1247 2687 1318 2767 diga

216 2797 273 2840 nus
295 2773 462 2855 obsequias
482 2780 529 2845 m)
549 2768 685 2832 reddere
706 2789 770 2828 nou
794 2767 891 2829 valet.
930 2769 1044 2830 Postea
1066 2790 1143 2830 vero
1164 2789 1239 2830 cum
1261 2789 1319 2829 suo

216 2857 394 3000 vereqildo
416 2859 597 2938 componat.

231 2945 342 3006 tent.
382 2939 426 3002 Et
445 2959 474 3000 aa
498 2956 566 3018 rpae
587 2933 721 2996 cadaver
743 2931 761 2992 al
786 2929 927 2996 fluminis
947 2931 1039 2992 alveo
1063 2932 1105 2994 ad
1123 2932 1225 3015 ripam
1242 2953 1318 3016 prou

218 3022 322 3085 iectus
346 3019 467 3096 fuerit,
496 3025 529 3080 et
554 3014 746 3098 dpquolibet
766 3014 938 3090 inventus,
967 3015 1024 3096 qui
1044 3015 1159 3075 iteruin
1185 3018 1330 3082 cadaver.

220 3105 262 3177 de
281 3105 351 3186 pipo
366 3099 575 3184 inplorent,
597 3107 629 3168 et
654 3097 772 3168 exinde
797 3096 949 3180 probatus
972 3095 1082 3175 l'uerit,
1104 3118 1179 3158 cum
1199 3100 1318 3162 duode⁴

221 3187 285 3254 cim
312 3185 424 3245 solidis
447 3188 625 3264 componat.

212 3337 218 3351 ι
306 3268 365 3332 ΙΙΙ.
406 3265 440 3324 Si
463 3285 574 3326 servus
598 3261 720 3324 furtivo
749 3259 844 3322 modo
877 3259 1060 3345 supradicto
1076 3282 1173 3324 imore
1196 3251 1320 3324 occisus

220 3349 321 3413 fuerit
333 3393 351 3430 „
365 3357 397 3412 et
426 3347 468 3410 ita
490 3348 678 3422 absconsus,
702 3343 789 3426 quod
815 3344 991 3426 gamurdrit
1007 3353 1041 3418 n)
1067 3344 1192 3422 dicunt,
1217 3365 1320 3406 notu-¹

220 3435 311 3520 plum
342 3437 521 3512 componat,
544 3427 664 3504 idest,
686 3435 817 3488 centnm
843 3427 1024 3510 octuaginta
1046 3425 1176 3492 solidos.

474 3545 548 3605 Car.
571 3541 628 3608 111.
670 3543 717 3602 De
735 3547 850 3603 uestitu
869 3545 1070 3604 mortuorunt.

183 3704 189 3714 «
247 3737 251 3742 ⁸
304 3661 327 3730 l.
368 3660 416 3723 De
437 3659 555 3722 vestitu
570 3669 791 3740 utrorumque,
813 3657 900 3739 quod
919 3655 1097 3739 walaraupa
1116 3661 1152 3736 o)
1175 3656 1321 3736 dicimus,

222 3741 252 3812 ai
269 3743 337 3830 ipse
351 3743 528 3820 abstulerit,
550 3742 607 3824 qui
630 3741 688 3803 hos
708 3739 881 3817 interfecit,
906 3735 1080 3824 dupliciter
1098 3750 1277 3822 componat.
1298 3764 1302 3776 ,

227 3861 661 3884 ---—--—-··-·-

242 3933 248 3943 ”
292 3917 320 3993 l)
337 3919 379 3971 ll.
399 3935 457 3970 mss.
472 3915 661 3988 farsivirotus,
671 3915 863 3988 fursweritos,
892 3915 1075 3968 ca'rswirotos.
1112 3914 1188 3966 Lind.
1212 3913 1323 3986 suasuri-¹

222 4003 305 4046 rotns.
342 3986 623 4058 llemldsarwisotu,
695 3985 723 4051 l)
743 3984 821 4034 Lind.
843 3981 993 4036 murdrido.
1030 3986 1070 4036 Al.
1090 4001 1149 4035 msa.
1169 3973 1319 4036 miirdriddr

222 4060 332 4117 Herold.
358 4054 509 4109 mordacia.
580 4053 617 4123 m)
642 4053 718 4105 tind.
748 4054 886 4124 exequias.
958 4054 988 4122 n)
1012 4054 1120 4106 Herold.
1143 4052 1321 4124 garmurdrt’t,

222 4131 264 4183 Al.
284 4147 344 4181 mas.
364 4125 526 4185 camurdrs't,
545 4122 724 4195 garmordrit,
745 4121 909 4184 lomurdrit,
927 4123 1112 4177 eahmurdere.
1166 4122 1195 4192 o)
1212 4123 1321 4176 Herott

224 4201 409 4267 Walunrapa.
445 4195 486 4247 Al.
505 4211 566 4250 mss.
583 4195 754 4261 caturam,
773 4193 924 4262 avoleronp,
943 4195 1081 4263 walruup,
1108 4192 1255 4262 weleruup.
