2906 5008
363 273 466 331 laets
493 267 765 326 saruvsnrontm
785 266 859 326 rm
878 269 963 340 xix„
1152 243 1231 323 td!

207 415 251 482 ΙΙ.
294 413 452 492 statur,
483 421 515 474 et
542 432 608 473 noo
636 412 704 498 ipse
728 429 821 490 reus,
852 411 960 472 omnia
990 409 1111 476 furtivo·
1139 418 1230 476 motu

122 508 304 584 componat.
948 511 952 522 '

350 613 426 676 Car.
448 607 505 674 IV.
546 608 584 669 Si
604 603 816 668 vulneraverit
833 620 999 668 mortuum.

206 733 249 794 Et
269 729 307 806 si,
329 737 366 788 ut
388 745 483 810 saepe
502 723 680 806 contingit,
703 723 830 804 aquilae
855 724 906 786 vel
930 731 1055 788 ceterae
1076 747 1152 789 avos
1170 747 1234 790 cur

123 815 222 877 daver
242 809 433 894 repererint,
455 817 489 868 et
508 805 626 892 uliquis
646 805 791 888 sagittam
805 805 938 868 eiecerit
958 820 991 866 et
1009 809 1230 892 cadaver‘vnlp

124 896 305 972 neruverit,
327 901 361 954 et
385 899 550 974 repertum
570 889 691 966 fuerit,
713 909 787 950 cum
814 887 987 951 duodecim
1007 890 1121 956 solidis
1142 912 1226 954 com·

123 987 234 1065 Ponat·
416 1052 482 1132 Cer
503 1052 545 1114 V.
586 1051 625 1114 Si
644 1051 784 1116 cadauer
797 1052 933 1114 laeserit.
1038 1124 1042 1134 x

209 1171 313 1234 Simili
331 1170 425 1231 modo
439 1167 627 1252 quicunque
649 1167 785 1230 cadaver
803 1165 945 1229 hominis
967 1167 1112 1247 laeserit,
1130 1190 1229 1254 quem

125 1257 209 1317 alter
230 1253 445 1330 interfecerit,
476 1251 503 1312 si
530 1259 627 1334 caput
647 1250 874 1333 amputaverit,
903 1250 929 1311 si
953 1271 1081 1311 manum
1102 1255 1230 1336 praeci-

125 1338 221 1411 derit,
243 1337 269 1398 si
293 1337 402 1420 pedes,
425 1335 449 1395 si
468 1355 595 1410 aurem,
617 1333 643 1394 si
663 1341 789 1392 tautum
802 1332 898 1415 'quod
920 1333 1140 1416 profusionem
1154 1355 1230 1400 san·

125 1420 233 1503 guinis
260 1426 462 1502 reputamus,
494 1417 534 1477 de
561 1424 688 1476 mortuo
714 1425 779 1477 tam
810 1415 941 1475 minima
969 1437 1066 1498 quam
1091 1419 1229 1481 maximo

124 1503 239 1587 plaga,
261 1521 385 1585 semper
406 1521 479 1560 cum
501 1497 672 1560 duodecim
695 1497 807 1560 solidis
827 1509 1006 1582 componat.
1214 1500 1217 1510 '

363 1615 439 1680 Car.
460 1611 521 1674 Vl.
561 1611 599 1672 Si
621 1613 799 1674 humaverit
823 1603 987 1675 mortuum]
1094 1607 1098 1613 “

208 1729 235 1797 Ι.
276 1733 320 1793 Et
340 1730 366 1793 si
384 1731 401 1789 d
427 1727 573 1812 quolibet
594 1735 737 1788 mortuus
752 1727 850 1789 fuerit
864 1739 1010 1811 repertus
1026 1738 1057 1794 ct
1077 1752 1151 1794 eum
1168 1731 1228 1798 hu·

125 1813 285 1876 munitatis
305 1835 398 1874 causa
424 1810 622 1886 humaverit,
655 1818 691 1870 ut
713 1830 818 1891 neque
844 1811 862 1870 d
885 1812 992 1893 porcis
1014 1812 1227 1896 inquinetur,

127 1917 189 1958 nee
211 1897 229 1955 d
249 1895 359 1957 bestiis
378 1915 434 1955 seu
457 1893 589 1954 canibus
615 1891 786 1970 laceretur,
814 1892 899 1953 liber
918 1893 958 1954 sit
980 1915 1020 1954 an
1043 1918 1172 1974 servus,
1195 1909 1228 1962 et

125 1988 235 2062 postea
250 1987 412 2059 repertum
429 1974 549 2053 fuerit,
578 1973 635 2035 itte
656 1973 713 2054 qni
731 1995 805 2036 eum
829 1973 1018 2054 humaverit,
1039 1978 1066 2038 si
1083 1979 1234 2064 requires

125 2081 163 2122 re
185 2059 342 2136 voluerit,
363 2068 510 2142 parentes
537 2056 625 2117 illius
654 2054 780 2118 solvant
808 2057 838 2117 ei
862 2059 1001 2120 solidum
1030 2081 1150 2138 unum,
1172 2073 1230 2126 aot

127 2142 277 2204 dominns
299 2141 399 2219 servi,
430 2140 457 2202 si
476 2159 585 2202 servus
602 2137 675 2204 fuit.
716 2139 922 2219 sinautem,
944 2143 961 2202 i
984 2142 1114 2204 domino
1139 2145 1231 2206 steni-

128 2225 197 2310 piet
222 2225 414 2300 mercedem,
435 2223 511 2304 quia
531 2220 685 2303 scriptum
707 2230 771 2281 est:
806 2223 950 2285 Mortuos
974 2225 1128 2305 sepelires
1229 2270 1232 2281 .

212 2307 253 2366 ll.
295 2307 379 2384 Quia
402 2303 597 2387 aliquotiens
619 2303 851 2385 conspicimus,
872 2326 945 2368 cum
972 2307 1108 2368 cadaver
1127 2308 1227 2370 humo

129 2387 297 2448 inmissum
319 2386 430 2464 fuerit,
452 2397 484 2449 et
504 2385 630 2468 lignum
653 2384 786 2468 insuper
802 2386 842 2472 p)
860 2389 1007 2470 positum,
1029 2391 1154 2453 cunctis
1175 2390 1229 2452 od·

128 2471 297 2549 stantibus,
319 2480 354 2530 ut
377 2469 562 2550 requiretur
588 2467 736 2529 dominus
763 2469 924 2530 cadaveris
953 2479 989 2529 ut
1015 2473 1148 2554 primus
1164 2483 1228 2552 terg

127 2575 196 2615 ram
228 2553 455 2635 superiniciet,
487 2561 519 2613 et
548 2550 574 2613 si
604 2551 705 2627 liber,
736 2549 885 2626 similiter
917 2553 1002 2613 lilius
1026 2564 1081 2613 aut
1108 2557 1225 2633 frater,

127 2657 168 2696 ne
192 2636 240 2696 rei
261 2638 325 2695 sint
346 2634 444 2696 ceteri
465 2633 658 2709 humatores,
680 2632 769 2713 quod
794 2654 887 2694 omne
915 2635 931 2694 d
954 2634 1041 2695 falsis
1064 2634 1233 2700 iudicitur·

125 2719 232 2780 fuerat
254 2717 473 2794 aestimatum,
496 2735 560 2774 non
585 2715 619 2775 in
647 2735 740 2778 verae
766 2715 847 2798 legis
870 2716 1006 2779 veritato
1025 2727 1202 2802 repertum:
1228 2734 1234 2754 ’

459 2830 540 2896 Cae.
561 2827 639 2894 Vll.
679 2831 728 2890 De
744 2829 886 2897 navibus.
1187 2827 1190 2834 ’
1216 2806 1232 2841 ⁸⁸

209 2953 236 3016 Ι.
275 2947 310 3010 Si
335 2946 408 3029 quis
429 2968 544 3009 novem
566 2946 698 3008 alterius
722 2945 834 3010 tulerit
857 2947 897 3009 de
922 2947 995 3010 loco
1015 2968 1093 3030 suo,
1123 2883 1233 3036 tpuai

123 3032 277 3094 inlaesam
298 3031 410 3092 reddat
426 3038 480 3090 aut
497 3029 646 3097 similem.
1213 3051 1232 3083 ‚a
1319 3047 1320 3051 ¹

207 3115 250 3180 11.
291 3113 379 3176 Etsi
408 3133 477 3174 eam
497 3110 575 3172 foris
599 3131 681 3192 equa
704 3111 852 3192 traxerit,
882 3119 916 3174 et
940 3071 1168 3196 ebseonderit,
1189 3116 1231 3181 sir

123 3195 292 3281 negaverit
311 3196 550 3278 interrogatus,
562 3195 717 3257 furtivum
737 3205 914 3279 componat.
1228 3221 1231 3228 ·

162 3379 252 3448 Tm.
279 3373 385 3448 XIX.
438 3375 497 3448 De
522 3376 669 3448 canibus
695 3389 731 3448 et
756 3401 885 3450 eorum
910 3381 1184 3476 compositione,
1225 3404 1228 3414 ’

203 3543 231 3610 Ι.
272 3541 307 3604 Si
329 3542 400 3625 quis
421 3564 534 3606 canem
554 3563 693 3621 seucem,
714 3564 811 3627 quem
835 3541 989 3606 leitihunt
1010 3557 1142 3627 vocant,
1162 3549 1217 3611 fu·

119 3627 249 3704 raverit,
272 3635 327 3686 aut
346 3624 483 3687 similem
504 3636 559 3687 aut
579 3626 683 3708 ipsum
704 3626 833 3704 reddat,
864 3635 897 3686 et
917 3649 972 3688 sex
994 3629 1104 3692 solidis
1127 3653 1217 3692 com-

119 3720 227 3807 ponat.
269 3709 310 3768 Et
339 3707 365 3768 si
389 3727 504 3789 negare
531 3709 687 3787 voluerit,
718 3732 792 3771 cum
811 3709 913 3774 tribus
935 3713 1215 3778 sacramentalibus

117 3802 204 3855 rnret
223 3791 401 3853 seeundum
419 3791 525 3872 legem
543 3812 641 3851 suam.

200 3876 243 3940 Il.
285 3874 320 3934 Si
342 3882 448 3934 autem
477 3893 605 3932 seucem
636 3873 776 3952 doctum,
798 3891 896 3956 quem
915 3873 1061 3957 triphunt
1087 3887 1215 3957 vocant,

116 3956 284 4099 sarevelt-it,
306 3977 380 4016 cum
399 3953 501 4014 tribus
526 3955 636 4018 solidis
657 3966 838 4040 componat,
859 3966 1006 4021 autenm
1026 3979 1092 4018 uuo
1113 3981 1213 4022 sacra·

117 4050 223 4101 menta
240 4041 249 4099 i
274 4038 370 4100 iuret.
993 4059 997 4064 ·
1030 4045 1032 4050 '

127 4154 585 4174 Μ

182 4209 213 4280 p)
235 4211 277 4263 Al.
309 4227 369 4264 mss.
396 4210 473 4280 ligno
497 4210 615 4279 insuper.
673 4243 678 4252 ·
