2900 5020
352 1165 594 1240 EDICTUM
620 1165 947 1238 THEODERICI
973 1165 1140 1243 REGIS.

275 1359 436 1439 Querelae
455 1358 496 1422 ad
514 1381 572 1422 nos
584 1358 741 1442 plurimae
756 1368 994 1442 pervenerunt,
1014 1361 1098 1424 intra
1113 1362 1306 1447 provincias

194 1443 371 1505 nonnullos
390 1444 496 1526 legum
517 1455 685 1526 praecepta
711 1445 844 1508 calcare.
884 1443 927 1504 Et
949 1445 1095 1525 quamvis
1118 1446 1229 1508 nullus
1246 1448 1306 1508 in-

193 1525 276 1587 iuste
305 1527 425 1587 factum
452 1526 552 1609 possit
572 1525 630 1587 sub
655 1527 762 1607 legum
787 1525 977 1587 auctoritate
1004 1526 1197 1589 defenderes
1240 1550 1306 1590 nos

193 1617 299 1668 tamen
325 1609 500 1691 cogitantes
523 1608 740 1691 generalitatis
763 1609 927 1688 quietern,
958 1618 991 1670 et
1017 1617 1090 1670 ante
1111 1609 1221 1672 oculos
1240 1609 1307 1670 ha-

192 1689 307 1752 bentes
321 1691 396 1768 illa,
426 1711 507 1772 qnae
530 1701 664 1774 possunt
684 1711 777 1770 saepe
796 1691 1005 1772 contingere,
1031 1712 1092 1774 pro
1111 1689 1305 1753 huiusmodi

193 1772 317 1842 casibus
333 1772 562 1849 terminandis,
586 1769 771 1856 'praesentia
791 1771 940 1834 iussimus
956 1772 1059 1833 edicta
1079 1769 1240 1856 penderes
1262 1783 1306 1834 ut

192 1856 281 1918 salva
296 1853 375 1916 iuris
390 1853 512 1938 publici
528 1853 728 1934 reverentia,
752 1863 784 1914 et
800 1855 924 1936 legibus
941 1853 1087 1916 omnibus
1106 1865 1307 1917 cunctorum

194 1937 365 1999 devotione
381 1937 565 2014 servandis,
588 1955 671 2018 quae
687 1936 817 1998 Barbari
836 1937 1035 2019 Romanique
1053 1937 1144 2034 sequi
1160 1937 1307 1999 debeant

193 2041 291 2103 super
310 2019 466 2102 expressis
485 2018 648 2099 articulis,
682 2019 795 2082 edictis
815 2019 1034 2104 praesentibus
1053 2020 1220 2083 evidenter
1242 2042 1304 2083 co·

218 2110 359 2163 noscant.

195 2125 215 2186 g
273 2183 385 2246 Priore
401 2183 509 2265 itaque
526 2182 599 2245 loco
619 2181 803 2261 statuimus,
836 2191 873 2244 ut
892 2183 919 2246 ai
939 2181 1037 2246 iudex
1063 2185 1223 2268 acceperit
1238 2207 1303 2270 pe-

194 2264 352 2342 cuniam,
373 2267 523 2349 quatinus
544 2265 712 2328 adversum
733 2274 829 2348 capnt
849 2266 1005 2328 innocens
1026 2275 1139 2328 contra
1156 2269 1244 2354 leges
1267 2276 1303 2330 et

193 2345 274 2409 iuris
292 2347 414 2428 publici
430 2357 523 2410 cauta
537 2347 712 2426 iudicaret,
734 2348 837 2430 capite
852 2348 1016 2431 puniatur.

276 2429 318 2491 Π.
361 2431 462 2492 ludex
483 2431 510 2493 si
531 2429 713 2513 pecuniam,
736 2440 846 2491 contra
867 2438 981 2492 statum
1003 2435 1057 2490 aut
1077 2429 1222 2491 fortunas
1238 2449 1302 2490 eu-

193 2509 324 2572 i'uslihet
342 2521 378 2573 ut
393 2513 585 2574 sententiam
598 2513 772 2594 proferret,
795 2511 972 2596 acceperit,
997 2520 1084 2572 etex
1102 2510 1162 2570 hac
1181 2531 1216 2570 re
1236 2511 1301 2571 sub

192 2595 274 2656 iusta
305 2594 403 2656 fuerit
425 2595 661 2656 examinatione
687 2595 871 2668 convictus,
904 2594 937 2653 in
963 2593 1180 2675 quadruplum
1204 2593 1298 2672 quod

193 2677 375 2738 venalitatis
396 2675 502 2739 studio
519 2676 659 2756 accepit,
681 2679 843 2753 exsolvat,
865 2675 914 2734 illi
936 2676 1159 2758 profuturum,
1181 2683 1298 2734 contra

192 2781 290 2844 quem
311 2759 493 2841 redemptus
514 2759 683 2822 docebitur
700 2759 810 2820 tulisse
825 2759 1024 2822 sententiam.

275 2841 335 2904 lll.
382 2841 486 2902 Iudex
520 2842 609 2923 quod
644 2842 801 2901 immerito
842 2839 1095 2922 provincialibus
1131 2836 1296 2922 rapuerit,

193 2923 305 2984 amissa
327 2923 480 3006 dignitate
503 2945 568 3004 qua
589 2921 672 2984 male
693 2945 768 2984 usus
790 2932 855 2999 est,
889 2921 922 2981 in
945 2921 1163 3003 quadruplum
1183 2919 1299 2982 reddat

155 3084 159 3090 Ι
192 3006 243 3068 his
264 3007 436 3084 duntaxat,
467 3007 583 3088 quibus
613 3005 771 3066 immerito
802 3011 926 3064 constat
947 3005 1100 3064 ablatum:
1138 3002 1215 3064 etsi
1237 3003 1297 3064 de-

192 3090 324 3150 functus
342 3090 455 3163 fuerit,
478 3089 517 3148 ab
536 3089 605 3149 eius
621 3087 795 3148 heredibus
811 3086 1010 3168 haec‘poena
1027 3093 1183 3168 poscatur.

275 3171 333 3235 IV.
376 3169 529 3232 Officium
546 3169 719 3232 cuiuslibet
739 3168 869 3246 iudicii,
890 3169 979 3250 quod
999 3168 1079 3250 quid
1098 3168 1297 3247 ultraquam

193 3253 314 3314 iussum
339 3261 405 3331 est,
435 3253 594 3334 exegerit,
624 3252 656 3310 in
688 3251 906 3333 quadruplum
926 3251 985 3311 sub
1013 3249 1167 3310 fustuaria
1193 3269 1299 3330 poena

193 3347 325 3418 cogatur
341 3335 505 3396 exsolvere
520 3334 575 3411 iis,
597 3332 713 3416 quibus
729 3332 851 3394 inlicite
868 3331 1131 3393 monstrabuntur
1144 3331 1257 3391 ablata.

273 3417 313 3484 V.
356 3415 521 3478 Sententia
546 3437 611 3477 non
639 3415 860 3498 praesentibus
891 3415 1033 3495 partibus
1062 3413 1146 3473 dicta
1174 3410 1298 3472 nullius

193 3498 346 3562 momenti
368 3497 427 3570 sit;
450 3498 512 3560 nisi
531 3498 682 3558 adversus
698 3517 771 3556 enm
792 3497 916 3578 prolata
939 3496 1105 3572 doceatur,
1128 3493 1185 3575 qui
1202 3493 1298 3554 tertio

194 3589 374 3646 conventus
405 3589 437 3643 et
464 3579 578 3643 edictis
610 3577 796 3642 solemniter
829 3577 1037 3655 inclamatus,
1075 3578 1183 3638 adesse
1219 3596 1299 3636 con-

195 3677 260 3728 tem
284 3663 371 3730 serit,

261 3688 334 3809 le.
375 3743 425 3806 Ad
445 3744 588 3806 officium
615 3740 930 3824 sollicitudinemque
949 3737 1064 3820 iudicis
1081 3738 1241 3824 pertinet,
1263 3745 1301 3797 ut

195 3851 232 3892 ea
252 3828 369 3910 scripto
389 3829 452 3887 lata
472 3829 648 3904 definiant,
677 3845 758 3905 quae
780 3825 864 3906 apud
882 3845 914 3884 se
937 3832 1093 3906 aguntur,
1123 3819 1299 3883 sententia:

195 3922 227 3974 et
246 3911 276 3972 in
300 3911 524 3972 executionem
543 3910 625 3970 mitti
642 3909 795 3978 iubeant,
817 3905 906 3986 quod
925 3905 1026 3966 fuerit
1044 3905 1229 3966 iudicatum.

270 3995 343 4057 Vll.
395 3993 498 4053 ludex
531 3990 680 4054 discussis
709 3989 877 4069 utriusque
909 3989 1007 4070 partis
1041 3983 1301 4070 suggestionibus

195 4087 290 4160 atque
317 4073 538 4151 documentis,
570 4074 602 4134 id
623 4073 727 4135 solum
749 4071 890 4131 iudicare
915 4069 1031 4149 debet,
1066 4069 1153 4153 quod
1176 4067 1239 4127 iuri
1266 4075 1301 4126 et

197 4161 321 4244 legibus
338 4156 456 4220 viderit
474 4157 657 4236 convenire.

278 4240 361 4342 VIll
412 4239 490 4302 Sine
510 4237 722 4323 competentis
747 4235 863 4299 iudicis
882 4242 1052 4320 praecepto
1074 4231 1182 4296 nullus
1209 4231 1302 4313 inge·
