2876 4992
215 262 268 352 '90'
536 284 641 354 areta
659 297 806 355 atticae
824 295 896 353 r1r:
915 297 1032 358 cxxvi.

216 439 273 502 bet
287 425 398 524 postea
412 459 486 501 cum
503 438 674 502 duodecim
686 461 746 523 per
761 461 812 502 sa·
840 439 964 502 dicilms
991 439 1108 506 XCIX.
1140 445 1172 510 in
1203 449 1329 530 quibas-

219 532 382 585 cramenta
394 522 570 585 absolvere.
611 522 646 583 Si
659 543 736 586 vero
749 545 811 582 ma·
839 523 1245 607 doniveroplusminusve.
1266 535 1327 596 Ha.

216 605 268 666 ior
288 627 383 667 causa
406 605 525 683 fuerit,
553 625 650 686 quam
670 604 808 670 XXXV.
837 603 915 666 bcnt
930 606 1025 665 etiam
1046 611 1187 688 species,
1210 615 1328 695 inqui.

215 686 327 750 solidis
345 687 513 768 culpabilis
525 685 730 766 inveniatur,
752 709 810 750 seu
836 688 970 750 busdam
987 688 1106 752 libellis
1124 693 1194 760 XX.
1212 703 1245 757 ct
1257 698 1328 761 Vll.

214 769 321 831 adhuc
347 769 459 830 maiori
481 789 615 833 numero
644 769 808 854 superest,
836 771 870 830 in
898 770 1091 852 quibusdam
1122 795 1200 838 vero
1226 779 1327 843 minus

141 900 151 914 .
215 861 252 914 ut
267 852 355 916 unde
370 851 477 915 minus
494 873 591 936 quam
602 850 703 917 XLV.
712 851 809 914 solidi
836 853 888 914 vel
911 853 1006 934 paulo
1024 855 1107 935 plus.

161 977 163 986 ι
215 956 281 998 non
314 934 525 1013 iudicentur,
555 935 623 1015 ipse
652 935 709 1017 qui
735 956 808 996 enm
876 935 1114 1016 Inquirendum
1134 951 1181 1002 est
1201 963 1329 1026 compo--

212 1015 356 1100 rogavit,
378 1027 452 1080 eum
470 1017 731 1081 noroWedredo
750 1017 808 1078 de·
835 1016 961 1079 sitionis
991 1019 1071 1100 legis
1104 1021 1228 1086 Saliene
1253 1035 1328 1110 quot

212 1099 270 1164 bet
281 1100 399 1177 iurare,
415 1099 450 1162 'et
461 1100 518 1162 ille
535 1099 592 1181 qui
607 1109 734 1183 rogatus
749 1109 807 1177 est,
833 1099 1011 1178 varietates,
1022 1110 1053 1162 et
1068 1125 1150 1186 quae
1161 1129 1327 1171 nnmerum

213 1181 241 1245 si
263 1203 297 1244 se
319 1181 473 1244 idoneum
494 1182 658 1265 agnoscit,
679 1203 713 1244 se
733 1203 807 1242 cum
832 1179 1069 1264 perminimum,
1089 1208 1261 1268 quaerero
1274 1211 1329 1276 per·

213 1273 325 1327 octavo
348 1265 475 1327 decimo
497 1263 578 1326 datis
601 1266 807 1327 sacramentis
833 1263 1004 1326 maximum
1043 1265 1168 1336 habeat.

213 1347 380 1411 absolvere
407 1347 513 1414 debet.
558 1345 594 1408 Si
616 1358 703 1409 certe
732 1344 814 1408 talis¹
873 1345 1050 1409 Divisionis
1088 1353 1326 1433 compositionis

210 1431 311 1494 fuerit
331 1450 424 1493 causa
445 1430 533 1492 unde
554 1429 654 1495 XLV.
673 1429 732 1491 aol.
751 1438 806 1490 aut
832 1449 955 1490 summa
977 1434 1016 1502 a)
1048 1433 1253 1500 CCCLVIII.
1277 1458 1325 1500 va.

212 1513 349 1596 amplius
364 1513 518 1597 usquead
531 1511 661 1574 leudem
679 1533 806 1595 compo-
832 1512 960 1573 rietates
973 1514 1091 1577 XXXI.

213 1617 291 1656 nere
310 1596 422 1675 dehet,
445 1596 513 1678 ipse
539 1593 596 1677 qui
619 1615 694 1656 eum
716 1616 806 1676 roga·
873 1595 899 1659 l.
939 1595 1059 1679 Incipit
1081 1609 1188 1662 autem
1216 1623 1235 1661 a
1256 1623 1326 1686 sep-

209 1679 276 1755 ·vit,
300 1679 396 1742 dehet
412 1677 622 1740 duodecimus
639 1677 804 1741 Wedrcdo
830 1686 895 1739 tem
920 1678 1071 1758 denariis,
1087 1691 1122 1744 ut
1144 1686 1173 1748 si
1191 1682 1262 1768 quis
1278 1707 1327 1767 ag·
1407 1723 1408 1732 .

210 1762 334 1832 iurare3
358 1769 391 1822 et
417 1759 485 1844 ipse
507 1760 564 1842 qui
590 1769 719 1842 rogatus
740 1768 803 1836 est,
832 1781 910 1820 num
932 1762 1098 1824 furaverit.

210 1843 237 1908 s'i
255 1864 288 1904 se
311 1842 520 1905 innocentem
540 1863 608 1903 esse
627 1841 803 1918 commen,
872 1841 917 1907 II.
960 1844 1043 1906 Inde
1062 1845 1102 1906 ad
1118 1845 1243 1928 decem,
1257 1849 1325 1910 utsi
1407 1851 1408 1914 ζ

209 1924 522 2008 vicesimusqnintus
536 1924 806 1986 datissacramen-
832 1923 904 2008 quis
923 1925 1054 1990 alterins
1080 1949 1219 1992 messem
1241 1933 1327 1993 dam·-

209 2010 251 2072 tis
276 2009 443 2071 absolvere
473 2029 506 2069 se
528 2007 632 2068 dehet.
674 2007 708 2066 Si
726 2028 803 2070 vero
832 2007 968 2070 neverit.

209 2093 250 2156 'de
265 2090 361 2152 leude
380 2112 456 2152 eum
471 2099 618 2172 rogatum
635 2088 803 2165 hahuerit,
871 2089 934 2156 III.
974 2091 1057 2154 Inde
1076 2093 1117 2154 ad
1136 2093 1276 2156 solidum
1293 2115 1327 2154 u·-
1406 2089 1408 2160 l

211 2172 308 2238 debet
328 2164 385 2254 qui
408 2194 482 2235 eum
495 2172 620 2255 rogavit
633 2194 707 2233 cnm
725 2170 803 2237 XII.
830 2194 918 2251 nem,
942 2183 978 2234 ut
999 2175 1025 2236 si
1046 2175 1117 2257 quis
1135 2177 1323 2258 porcellum,
1406 2163 1408 2234 i

209 2256 373 2320 Wedredc
405 2255 511 2316 iurare
539 2265 571 2316 et
598 2255 681 2337 ipsas
710 2253 804 2320 XIV.
830 2256 886 2336 qui
901 2256 970 2317 sine
984 2257 1201 2320 matrerIvere
1215 2267 1325 2340 potest,
1406 2283 1408 2336 3

208 2343 319 2402 noctes
335 2357 476 2399 aeneum
495 2337 691 2410 calefacere;
723 2345 756 2399 et
776 2337 803 2398 si
830 2338 908 2400 foris
932 2338 1062 2400 domum
1079 2341 1247 2401 furaverit.
1407 2351 1408 2362 ¹

209 2417 250 2484 ad
270 2420 376 2503 ipsum
391 2420 545 2503 placitum
562 2418 675 2482 venire
688 2419 804 2503 despe-
861 2419 930 2512 IV
973 2421 1052 2484 Inde
1070 2421 1110 2482 ad
1128 2422 1269 2484 solidum
1286 2445 1323 2484 a«

208 2503 315 2581 xerit,
337 2509 393 2563 aut
412 2525 545 2564 manum
568 2524 657 2564 suam
681 2502 715 2562 in
747 2524 803 2564 ae·
831 2525 909 2565 num
924 2512 956 2564 ct
965 2504 1152 2582 tremissem,
1166 2516 1203 2565 ut
1216 2507 1242 2566 si
1255 2505 1322 2590 quis

209 2599 308 2650 neum
329 2585 456 2647 mittere
473 2583 631 2663 noluerit,
662 2583 803 2670 quicun-
829 2585 962 2647 alterius
977 2607 1106 2650 servum
1121 2588 1236 2654 caedit.

209 2667 802 2766 queAntruscoillcdecausasupe·
870 2671 910 2734 V.
954 2669 1094 2731 Indead
1119 2670 1177 2730 sol.
1206 2672 1267 2738 III.
1289 2678 1323 2732 ut

208 2772 277 2815 rius
297 2749 527 2833 comprehensa
547 2769 606 2833 per
626 2771 803 2812 sacramen·
829 2753 856 2814 si
870 2752 943 2833 quis
956 2761 1021 2812 tres
1033 2773 1140 2833 capras
1155 2753 1323 2816 furaverit.

207 2844 241 2896 ta
258 2856 292 2896 se
310 2834 475 2897 absolvere
493 2855 558 2894 non
572 2832 732 2912 potuerit,
748 2839 802 2892 aut
828 2835 915 2894 Haec
928 2834 1117 2914 compositio
1127 2835 1187 2896 III.
1207 2835 1321 2896 solido·
1405 2905 1406 2910 ἵ

209 2938 340 2976 manum
362 2938 451 2977 suam
480 2936 539 2998 pro
571 2915 668 2977 leude
692 2915 727 2976 in
752 2931 801 2976 ae·
828 2939 902 2976 rum
930 2917 963 2976 in
992 2917 1106 2978 XLIII.
1137 2916 1218 2979 locis
1246 2915 1322 2999 legis
1405 2923 1406 2931 ’

209 3020 308 3060 neum
324 2997 451 3059 mittere
469 2997 668 3078 despexerit,
689 3006 744 3058 aut
766 2998 800 3057 in
828 2998 952 3060 Salicae
975 2999 1121 3062 hahetur.

207 3081 362 3178 placitum
381 3079 495 3142 venire
522 3078 700 3158 distulerit,
723 3090 801 3141 tunc
869 3079 927 3143 VI.
971 3081 1052 3143 Inde
1071 3081 1112 3142 ad
1129 3083 1186 3148 sol.
1210 3080 1272 3143 III.
1292 3090 1321 3142 et

208 3165 265 3226 illa
284 3163 342 3247 qui
361 3183 435 3223 enm
451 3170 598 3245 rogatum
611 3161 734 3240 habuit,
749 3184 802 3223 so-
829 3164 902 3230 den.
930 3163 954 3223 1.
974 3175 1029 3241 at,
1059 3164 1086 3226 si
1105 3163 1176 3245 quis
1196 3164 1320 3227 viduam

207 3247 274 3307 lem
289 3247 320 3308 ei
336 3245 496 3306 collocare
514 3244 626 3322 debet,
646 3246 686 3306 ad
701 3246 801 3327 ipsam
828 3247 862 3307 in
891 3246 1079 3331 coniugium
1103 3248 1247 3310 voluerit
1272 3267 1320 3311 so-¹

207 3351 287 3392 vern
306 3328 410 3405 diem,
441 3326 475 3386 in
493 3327 692 3411 Mallobcrgo
710 3329 800 3409 ipso,
829 3328 924 3391 ciare.

207 3410 242 3470 in
261 3409 331 3474 XL.
353 3409 508 3473 noctibus.
551 3409 584 3468 Si
613 3429 673 3471 nec
699 3410 743 3470 ihi
766 3431 800 3471 se
870 3409 945 3474 VII.
988 3412 1070 3474 Inde
1090 3412 1130 3473 ad
1151 3413 1210 3479 sol.
1225 3409 1264 3478 V.
1283 3410 1319 3471 Ili

206 3493 427 3566 conduxerit,
457 3502 534 3554 tune
560 3491 616 3552 illc
644 3493 701 3576 qui
726 3514 801 3554 eum
827 3503 921 3572 sunt,
974 3495 1008 3554 ni
1035 3495 1069 3554 in
1091 3505 1185 3578 raptu
1206 3517 1319 3558 secun-
1402 3489 1403 3504 ³

206 3584 355 3658 rogatum
375 3569 505 3650 habuit,
528 3575 628 3636 solem
646 3575 801 3651 collocet,
828 3577 906 3636 dum
950 3515 1068 3660 ¹Iegem
1115 3587 1318 3660 componunt.

207 3657 433 3744 postenillnm
452 3657 493 3718 ad
511 3659 723 3740 praesentiam
735 3659 801 3719 Re·
828 3659 914 3722 Haec
943 3659 1131 3744 compositio
1164 3661 1209 3726 Il.
1244 3659 1318 3722 locis

207 3742 256 3824 gis
274 3739 315 3803 ad
344 3750 454 3803 noctes
480 3739 572 3806 XIV.
597 3761 711 3837 rogare
743 3741 801 3802 de·
827 3739 972 3803 habetur.

206 3823 282 3902 het,
307 3833 340 3886 et
367 3823 488 3885 ibidem
513 3820 684 3885 duodecim
706 3833 801 3886 testes
868 3823 962 3890 VIII.
1007 3825 1086 3886 Inde
1116 3826 1156 3898 ad
1179 3827 1238 3888 sol.
1264 3821 1320 3889 VI.

206 3927 349 3992 ponere,
371 3905 427 3988 qui
453 3927 511 3990 per
538 3906 680 3988 singulus
716 3907 802 3970 vices
828 3928 887 3991 pro
912 3906 1135 3990 redemptione
1155 3907 1258 3984 serti,
1286 3915 1319 3966 at
1400 3971 1401 3978 χ

206 3987 382 4053 tresiurati
399 3989 530 4066 dicant,
553 3990 640 4073 quod
661 3989 704 4050 ibi
719 3989 801 4051 fuis·
830 4011 894 4052 non
915 3997 1087 4052 castretur.
1127 3989 1212 4053 Haec
1241 4011 1320 4050 com·

209 4109 641 4130 W

227 4225 233 4240 .
278 4153 308 4222 a)
325 4151 436 4205 Eccard.
457 4173 527 4226 quaa
548 4173 609 4209 vcro
631 4158 826 4224 perntaximnm
851 4157 971 4213 labeant
996 4155 1147 4212 divisionis.
1189 4156 1319 4228 compost·
1399 4217 1400 4242 .

210 4238 296 4279 trouu
314 4235 379 4280 aunt
397 4235 445 4280 etc.
