2876 4992
461 327 614 386 aeciam
632 327 678 390 nr
697 329 886 386 semmam
1143 305 1224 382 151·

109 471 203 532 debit
217 469 333 552 collegi
344 469 505 539 edoneus3
528 468 568 529 ad
585 476 649 528 ter·
682 479 714 532 et
725 469 845 532 ibidem
860 477 923 530 tres
933 471 1028 530 testes
1042 463 1218 532 debeleol·

108 555 194 614 tium
210 573 287 613 vero
312 553 443 612 mallum
461 551 574 611 similis
598 550 652 610 fie·
681 551 782 634 ligere
803 551 949 614 idoneosl

108 635 139 697 ri
158 634 258 712 debit,
276 642 312 693 ut
328 655 412 700 nove
425 643 518 694 testes
531 633 650 708 iurent,
722 634 773 695 Ad
790 633 885 694 tertio
899 652 977 696 vero
992 628 1090 692 mallo
1103 632 1220 694 simili-

109 717 201 798 quod
214 735 344 778 servum
354 716 455 798 ipsum
474 713 653 796 aequaliter
684 727 733 777 ter
750 717 846 776 faciat
866 724 902 776 ut
920 734 1037 774 novem
1054 721 1150 776 testea
1170 717 1218 776 iu-

110 819 210 880 super
224 799 436 880 plagiatorem
451 797 592 857 audaerit
607 794 653 856 di·
685 807 756 862 sent
768 798 854 881 quod
869 817 998 860 servum
1017 795 1086 878 ipau
1101 806 1133 859 te
1144 818 1222 880 qna·

110 889 251 956 centem,
270 890 302 940 et
316 880 363 941 sic
374 889 494 962 pastea,
512 878 568 960 qui
580 897 654 938 eum
685 881 761 942 liter
777 901 837 962 per
853 887 938 940 totus
952 886 1017 940 tres
1037 878 1152 941 mallus
1170 903 1222 944 cu-

108 961 304 1045 plagiaverit
329 977 441 1030 (nara.
471 954 653 1036 amirario)
685 983 744 1045 per
778 961 987 1044 plagiatorem
1024 959 1134 1024 dicere
1162 984 1223 1026 an·-

109 1053 315 1127 praetercap.
331 1053 363 1105 et
373 1043 428 1104 dil.
443 1041 509 1103 din.
517 1041 654 1104 ICCCC.
686 1045 816 1108 dissent.

109 1125 240 1186 faciunt
261 1125 354 1193 solid.
399 1123 538 1187 XXXV.
568 1123 653 1205 culp.
727 1125 779 1188 Sic
796 1134 905 1207 postea
918 1123 975 1206 qui
997 1127 1225 1209 eum'plagavit

110 1207 288 1284 iudicetur.
685 1207 748 1270 hnc
766 1217 814 1268 est
835 1205 1004 1289 vuargavit
1024 1217 1132 1281 (uara.
1153 1231 1223 1270 ma·

686 1289 900 1351 louceridario
923 1289 1060 1356 lCCCC.
1077 1289 1151 1351 deu.
1166 1289 1224 1373 qul

686 1372 813 1434 faciunt
831 1372 888 1436 sol.
906 1370 1033 1436 XXXV.
1052 1373 1140 1456 culp.
1155 1372 1223 1441 iud.

687 1463 810 1535 except.
829 1474 896 1536 cap.
914 1462 946 1514 et
963 1453 1019 1520 dil.

156 1536 224 1616 Qui
251 1533 410 1598 confessio
436 1533 521 1616 servi
554 1553 654 1615 usque
729 1536 795 1613 Qui
821 1536 980 1596 confessio
1007 1535 1092 1598 servi
1121 1557 1224 1620 usqua

112 1621 178 1682 111.
194 1619 378 1702 plagiatoris
400 1618 577 1693 amittitur,
599 1615 656 1677 sed
689 1621 727 1679 ad
759 1627 822 1679 tres
851 1619 1043 1699 plagiatores
1071 1620 1224 1688 ascendit.

113 1713 307 1766 eamtamen
331 1700 512 1774 racionem,
545 1708 657 1758 utno·
688 1699 753 1761 Sed
780 1721 848 1760 eam
873 1710 979 1760 tamen
1004 1700 1162 1762 rationem
1187 1713 1225 1764 ut

113 1782 381 1845 minahominum
392 1791 423 1842 et
432 1781 566 1843 vilarum
578 1801 657 1842 sem·
690 1781 820 1842 nomina
830 1781 1058 1843 hominumvel
1072 1782 1225 1845 villarum

113 1889 178 1951 per
194 1865 300 1925 debiat
318 1865 493 1928 nominare.
690 1864 851 1945 equaliter
871 1884 929 1944 per
949 1875 1032 1925 totns
1055 1872 1119 1926 tres
1141 1869 1223 1928 mal·

159 1948 194 2008 Si
213 1948 285 2027 quis
310 1961 387 2008 vero
407 1945 573 2004 hominem
591 1943 658 2025 pla·
689 1947 737 2007 los
754 1945 867 2008 debeat
884 1947 1061 2012 nominare.

117 2030 252 2111 giaverit
271 2037 303 2088 et
322 2029 525 2102 vendeveret‚
544 2036 575 2086 et
587 2046 660 2106 pro·
750 2079 754 2082 .
883 2064 1011 2136 LXVI

116 2112 205 2173 balio
235 2119 322 2170 certa
344 2132 408 2169 non
430 2109 546 2185 fuerit,
575 2109 658 2168 sicut
1014 2117 1021 2132 ·

116 2215 180 2277 pro
219 2191 349 2252 hucciso
383 2192 538 2251 iuratores
580 2189 655 2249 dare
730 2190 848 2272 Siquis
866 2190 1224 2274 hominemingenunm

119 2283 234 2349 (marr.
251 2273 432 2354 falconum)
458 2280 531 2332 sunt
553 2271 655 2331 dinar.
687 2272 876 2356 plagiaverit
935 2276 987 2336 vel
1038 2276 1224 2338 vendiderit

118 2357 209 2420 Vlll.
234 2356 293 2434 fac.
312 2356 370 2420 sol.
394 2357 456 2418 CC.
482 2353 565 2435 culp.
588 2352 655 2416 iud.
687 2364 794 2427 (mara.
809 2352 1025 2434 srr'osalca'nol
1045 2357 1135 2422 Vlll.
1152 2359 1225 2426 den,

159 2437 195 2497 Si
212 2439 374 2497 Romanus
396 2437 573 2517 ingenuum
590 2435 657 2516 pla·
687 2437 744 2518 qui
758 2436 881 2497 faciunt
894 2439 951 2504 sol.
973 2440 1037 2505 CC.
1053 2441 1139 2524 culp,
1155 2441 1222 2502 iud.

118 2519 256 2601 giaverit
276 2519 351 2578 ΙΙΙ).
374 2519 441 2583 dine
456 2518 580 2578 faciunt
598 2516 656 2578 sol.

117 2603 219 2665 amr.
234 2602 319 2684 culp.
335 2600 400 2662 iud.

118 2755 307 2828 XXXIX.
334 2756 509 2826 Siservus
524 2755 562 2820 in
581 2751 659 2821 fur·

170 2868 248 2924 tum
267 2853 380 2924 fuerit
397 2853 613 2945 inculpatus.
710 2849 713 2856 ⁴
882 2849 1038 2932 LXVII,
1123 2879 1125 2886 ’

162 3019 196 3079 Si
221 3017 298 3080 talis
318 3017 418 3077 fuerit
434 3038 544 3093 cansa,
574 3013 660 3074 unde
733 3013 768 3075 si
796 3013 868 3094 quis
895 3034 1007 3078 servus
1037 3016 1071 3080 in
1107 3019 1230 3080 furtum

120 3103 284 3184 ingenuus
297 3101 363 3158 DC.
382 3100 449 3160 din.
464 3100 519 3180 qui
538 3098 663 3157 faciunt
693 3097 791 3156 fuerit
805 3097 986 3178 inculpatus
1000 3097 1026 3159 si
1043 3101 1114 3162 talis
1130 3103 1230 3162 fuerit

121 3185 180 3246 sol.
197 3182 272 3246 XV.
290 3201 482 3262 componere
503 3179 662 3254 debuerit,
695 3199 789 3239 causa
800 3179 887 3238 unde
907 3179 1069 3261 ingenuus
1083 3186 1141 3244 sol.
1155 3185 1227 3253 XV.

120 3287 232 3328 servus
257 3286 354 3344 super
377 3285 540 3324 scamnum
561 3263 663 3322 tinsus
695 3281 885 3342 componere
900 3260 1003 3328 debet.
1046 3265 1164 3326 Servus
1180 3289 1230 3326 su·

123 3347 227 3413 CXX.
253 3345 361 3406 hictus
382 3345 525 3426 accipiat,
635 3377 638 3384 ·
694 3364 752 3425 per
777 3364 905 3403 scamno
928 3354 1038 3408 tensus
1062 3346 1158 3416 CXX.
1183 3349 1229 3410 ic·

164 3430 199 3490 Si
216 3447 295 3490 vero
313 3437 483 3509 antequam
497 3435 665 3510 torquetur
695 3435 743 3486 tos
761 3425 903 3506 accipiat.

121 3512 223 3573 fuerit
246 3512 430 3586 confessus,
462 3510 544 3570 nihil
572 3529 664 3570 suurn
737 3507 769 3566 Si
785 3528 862 3570 vero
878 3516 1047 3590 antequam
1064 3521 1233 3595 turqualur

123 3595 256 3656 domino
285 3594 411 3654 credat:
442 3593 508 3672 ipse
532 3612 608 3652 vero
631 3591 664 3649 in
697 3591 970 3651 fueritconfessus
991 3594 1157 3656 eteieum
1177 3599 1233 3658 clo·

123 3687 290 3760 posterum
312 3677 406 3736 illum
427 3675 591 3750 abiturus,
610 3673 666 3754 qui
697 3673 786 3732 mino
811 3693 868 3734 suo
892 3675 1082 3751 convenerit
1102 3681 1160 3743 sol.
1176 3681 1233 3745 lll.

124 3757 474 3831 eumtorsit3duminus
483 3777 559 3817 vero
569 3755 665 3831 servi,
697 3776 755 3838 pro
777 3755 905 3816 dorsum
927 3754 1024 3836 ipsius
1046 3759 1130 3817 servi
1152 3762 1233 3823 acci·

124 3842 212 3902 unde
226 3842 290 3899 iam
302 3841 418 3923 pignus
434 3837 666 3921 accipitprecio
697 3837 764 3920 piat
776 3859 843 3920 cap.
858 3837 1004 3898 dominus
1019 3839 1100 3897 servi
1111 3841 1232 3901 reddat.

122 3944 252 4006 prosno
268 3945 362 3984 servo
376 3923 529 4004 accipiat:
553 3922 667 3981 sivero
740 3919 775 3979 Si
791 3930 897 3980 tamen
921 3921 1022 3980 maior
1041 3919 1135 4000 culpa
1159 3922 1234 3982 fue·

125 4007 212 4064 intra
231 4006 342 4088 priora
358 4006 527 4086 supplicia,
552 4003 585 4062 id
608 4012 665 4077 est,
698 4002 741 4062 rit
753 4003 952 4084 undeingen.
963 4003 1020 4064 sol.
1031 4001 1235 4069 XXXV.sol·

125 4109 144 4147 a
165 4088 593 4168 colapus,fueritcunfessus
613 4093 667 4145 aut
699 4105 776 4144 vere
800 4085 904 4147 debet.
947 4084 1102 4146 Similiter
1123 4107 1234 4148 servus

125 4179 302 4246 castretur,
326 4180 381 4229 aut
400 4171 494 4228 CXX.
514 4169 581 4229 din.
609 4165 666 4246 qui
699 4167 796 4231 CXX.
810 4165 889 4228 ictos
903 4169 1109 4250 accipiat‚.et
1125 4169 1151 4230 si
1161 4191 1236 4232 con·

126 4251 255 4314 faciimt
277 4253 337 4317 sol.
358 4251 415 4316 ΙΙΙ.
441 4251 562 4316 reddat.
603 4251 668 4311 Do-
697 4247 799 4313 fessus
817 4271 881 4311 non
898 4251 998 4315 fuerit
1014 4249 1064 4311 illi
1085 4253 1235 4334 quicum
