2876 4992
196 221 267 332 illd
466 239 921 324 mmsurrusmonuurm.
945 244 1016 298 xiv.

268 469 282 486 ψ
305 385 397 494 YTm
419 383 488 456 IX·
536 385 596 458 De
619 385 824 458 homicidiis
852 387 1043 458 hominurn
1068 387 1190 482 Regis.
1246 439 1249 448 .
1292 453 1295 460 ,

195 515 402 614 ³1⁹,Siquis
427 514 595 613 hominem
619 514 747 598 regium
774 513 994 611 interfecerit,
1029 525 1161 579 centum
1188 518 1306 586 solidis

192 599 365 688 culpabilis
384 599 565 678 iudicetur,
587 606 642 660 aut
661 620 737 660 cum
755 597 926 661 duodecrm
945 601 1042 667 iuret.

191 697 370 830 {ihm⁵''X.
418 717 478 788 De
508 717 712 788 homicidiis
743 716 932 788 hominum
959 719 1303 806 ecclesiastieorum,

273 837 300 907 Ι.
339 837 461 920 siquis
476 837 641 900 hominem
658 836 909 901 ecclesiasticum
927 838 1145 920 interfecerit,
1167 851 1303 905 centum

189 921 302 985 solidis
322 920 494 1004 culpabilis
515 920 693 1000 iudicetur,
715 929 771 982 aut
790 930 841 995 m)
861 943 936 984 cum
956 922 1129 984 duodecim
1150 923 1245 986 iuret.

212 1015 215 1025 ⁴
273 1003 320 1073 ll.
362 1005 416 1068 Sic
434 1005 468 1066 iu
487 1003 614 1085 'reliqua
633 1003 885 1086 compositione,
910 1005 996 1066 unde
1016 1005 1189 1088 Ripuarius
1205 1008 1304 1090 quiu-

191 1086 298 1150 decim
325 1086 438 1149 solidis
464 1086 635 1170 culpabilis
659 1087 843 1164 iudicetur,
871 1088 981 1170 regius
1002 1097 1036 1150 et
1063 1090 1301 1152 ecclesiasticus

188 1169 287 1233 homo
307 1169 513 1232 medietatem
537 1179 729 1256 componat,
751 1171 804 1231 vel
833 1169 987 1255 deinceps
1010 1181 1302 1256 quantumcunque

192 1253 288 1337 culpa
307 1252 500 1321 ascenderit.

192 1369 281 1446 Τιτ.
309 1369 378 1444 ΧΙ.
426 1369 487 1444 Do
511 1367 717 1444 homicidiis
742 1395 894 1466 eorum,
927 1376 990 1470 qui
1015 1374 1053 1444 in
1077 1385 1193 1446 truste
1216 1375 1299 1448 Ra·-

485 1491 488 1497 ’
632 1555 635 1562 ¹
656 1475 709 1564 gis
729 1485 822 1544 sunt.

235 1651 238 1656 ,
271 1591 297 1653 1.
338 1589 372 1654 si
392 1589 556 1673 quiscum
575 1589 778 1664 interfecerit
793 1591 850 1675 qui
870 1590 904 1652 in
920 1599 1020 1654 truste
1038 1591 1126 1675 regia
1139 1604 1205 1672 est,
1225 1613 1303 1654 sex·

190 1673 293 1735 centis
304 1674 415 1736 solidis
434 1673 604 1754 culpabilis
623 1671 794 1740 iudicetur.
835 1675 877 1736 Et
894 1673 1052 1758 quicquid
1071 1677 1102 1736 ei
1118 1677 1191 1756 fiet,
1213 1676 1302 1738 simi-

188 1757 264 1822 liter
281 1755 364 1817 sicut
378 1757 419 1818 de
437 1755 565 1838 reliquo
587 1749 741 1836 Ripuario
763 1755 798 1816 iu
819 1758 952 1841 triplum
969 1770 1189 1839 componatur.

270 1839 317 1902 ΙΙ.
357 1841 406 1902 De
432 1837 592 1900 occisione
617 1838 706 1918 eius,
728 1839 756 1902 si
784 1841 965 1925 negaverit,
995 1863 1070 1902 cum
1095 1841 1300 1927 septuaginta

190 1919 316 1987 duobus
336 1920 431 1984 iuret.

268 2005 327 2076 Ill.
369 2003 404 2065 si
427 2002 499 2087 quis
516 2003 606 2086 regio
628 2011 683 2064 aut
702 2003 918 2066 ecclesiastico
943 2003 1069 2064 homini
1091 2005 1131 2068 de
1153 2027 1298 2088 quacun-v

187 2085 332 2169 quelibet
355 2107 391 2148 re
413 2088 547 2148 forciam
577 2085 708 2163 fecerit,
739 2097 772 2149 et
791 2108 850 2170 per
870 2087 935 2151 vim
952 2087 1081 2167 tulerit,
1103 2089 1138 2150 in
1159 2089 1295 2174 triplum

188 2171 272 2235 sicut
280 2169 408 2251 reliquo
425 2169 580 2256 Ripuurio
601 2177 643 2242 n)
664 2179 843 2253 componat.

337 2289 443 2365 ‘'l'tr.
474 2289 563 2364 XII.
611 2289 677 2386 De,
694 2289 899 2359 homicidiis
924 2289 1149 2360 mulierum.¹

198 2451 200 2460 ,
270 2411 304 2473 Si
327 2411 407 2494 quis,
420 2411 574 2473 feminam
592 2409 776 2493 Ripucriam
795 2410 1013 2489 interfecerit,
1035 2417 1203 2494 postquam
1219 2428 1297 2492 par-

188 2493 291 2555 turire
312 2504 350 2567 c)
372 2494 534 2576 coeperit,
563 2515 664 2574 usque
694 2493 734 2554 ad
760 2494 1038 2576 quadragesimum
1064 2513 1202 2569 anuum,
1224 2512 1294 2552 sex-

189 2577 291 2639 centis
311 2576 422 2639 solidis
441 2576 610 2658 culpabilis
627 2577 798 2644 iudicetur.
839 2578 906 2637 Aut
920 2576 946 2638 si
969 2574 1135 2658 negaverit
1152 2594 1175 2657 p
1178 2581 1199 2645 J
1220 2593 1294 2634 cum

188 2659 389 2742 septuaginta
410 2658 534 2720 dnobus
552 2659 647 2724 iuret.
689 2662 731 2720 Et
750 2661 937 2740 ubicunque
958 2656 1102 2719 sexcenti
1124 2656 1220 2718 solidi
1240 2677 1293 2716 ac·

191 2743 330 2820 cedunt,
352 2741 452 2802 simili
471 2741 566 2801 modo
585 2762 658 2801 cum
673 2743 871 2824 septuaginta
884 2741 1009 2801 duobus
1029 2740 1122 2804 iuret.

272 2825 316 2892 ll.
359 2825 393 2885 Si
411 2824 467 2884 ille
487 2823 583 2884 homo
598 2845 720 2906 pauper
735 2823 852 2901 fuerit,
875 2832 911 2882 ut
937 2822 1069 2882 insimul
1087 2821 1213 2903 solvere
1230 2839 1296 2881 non

191 2905 307 2992 possit,
328 2928 388 2991 per
404 2917 468 2968 tres
488 2905 689 2967 decessiones
707 2906 848 2967 filiorum
867 2925 887 2988 q
890 2914 910 2979 J
929 2905 1043 2967 solvat.

347 3023 436 3094 ΤΙΤ.
461 3022 566 3092 ΧΙΙΙ.
615 3022 674 3092 De
699 3023 902 3092 homicidiis
928 3023 1148 3116 puellarum.¹

105 3187 110 3194 -
213 3170 219 3178 ·
255 3141 308 3207 ¹Si
327 3145 400 3228 quis
423 3145 565 3227 puellam
578 3144 768 3226 Ripuariam=
786 3143 996 3221 interfecerit,
1013 3142 1162 3205 ducentis
1185 3140 1296 3204 solidis

194 3229 365 3315 culpabilis
382 3227 554 3289 iudicetur.
596 3227 661 3288 Aut
680 3227 706 3288 si
721 3227 904 3309 negaverit,
927 3247 1000 3288 curn
1018 3225 1190 3287 duodecim
1204 3224 1298 3288 iuret.

339 3346 428 3424 ΤιΤ.
464 3343 568 3439 XIV·
617 3345 675 3414 De
701 3345 854 3414 muliere
880 3344 1128 3414 ecclesiastica·

273 3467 300 3526 I.
342 3464 467 3550 siquis
496 3465 649 3525 feminam
677 3464 798 3547 regiam
825 3474 879 3525 aut
900 3465 1148 3528 ecclesiasticam
1168 3464 1299 3548 parien-

192 3559 259 3610 tem
281 3547 502 3625 interfecerit,
523 3549 677 3610 t'recentis
704 3546 815 3613 solidis
841 3547 1013 3631 culpabilis
1042 3547 1224 3630 iudicetur,
1246 3556 1300 3612 aut

193 3655 267 3694 cum
292 3632 424 3714 triginta
443 3653 499 3692 sex
524 3631 618 3697 iuret.

278 3715 317 3779 ll.
362 3714 459 3792 Quod
475 3713 502 3774 si
519 3713 661 3797 puellam
675 3723 746 3794 post
768 3711 1047 3794 quadragesimum
1065 3735 1186 3774 annum
1201 3712 1298 3774 inter·

192 3798 326 3872 fecerit,
350 3795 497 3861 ducentis
518 3795 629 3858 solidis
651 3796 822 3882 culpabilis
845 3797 1028 3877 iudicetur,
1049 3806 1104 3858 aut
1127 3819 1201 3860 cum
1222 3795 1298 3856 duo·

193 3881 298 3951 decim
313 3879 407 3949 iuret.

169 4009 170 4015 ¹
224 4021 247 4111 a:
262 4035 304 4118 'Pl
323 4035 400 4102 Lissd.
416 4037 511 4092 addit:
535 4039 561 4092 si
576 4041 734 4120 'negaverit
772 4045 812 4100 n)
837 4038 929 4095 Guelf.
953 4041 1058 4114 reliqui
1073 4039 1209 4121 Riduurii.
1264 4038 1302 4110 o')

194 4104 531 4236 gililffii'iiffieigmmfl
550 4110 664 4168 Tillius
685 4114 711 4165 si
734 4128 838 4182 negare
861 4112 994 4190 voluerit.
1036 4109 1078 4183 q)
1096 4108 1218 4164 sichard.
1241 4127 1303 4165 suc·
