2906 5008
203 307 279 403 226
427 326 533 387 esais
549 323 824 404 atsmnnonun
845 326 925 402 nr,
939 329 1092 396 nxxnv„

213 514 218 520 ·
285 471 344 538 lv.
385 465 423 532 Si
450 467 588 530 veltrum
609 472 660 546 y)
688 463 865 548 leporalem
893 467 1063 554 probatum
1087 466 1206 552 aliquit
1232 469 1325 534 occi·

203 553 306 640 derit,
328 575 402 618 enm
421 549 524 612 tribus
546 549 659 612 solidis
683 560 863 630 componat,

201 629 229 704 s*
286 637 327 703 V.
369 637 403 698 Si
428 633 500 714 quis
531 655 645 696 canem
675 633 889 716 pastoralem,
920 634 979 714 qui
1006 635 1121 718 lupum
1141 635 1262 698 mordit
1283 646 1323 698 et

202 743 302 809 pecus
323 741 363 780 ex
384 738 438 779 ore
461 717 528 778 eins
553 715 658 792 tollit,
692 724 724 776 et
750 714 789 772 ad
813 715 986 778 clamorem
1009 720 1048 780 ad
1078 718 1174 776 aliam
1197 719 1248 779 vel
1274 717 1321 780 ad

202 803 449 873 tertiarurlllam
459 798 581 877 currit,
603 796 779 871 occiderit,
802 818 877 858 cnm
888 795 990 862 tribu's
1005 801 1120 862 solidis
1133 809 1321 883 componat.

209 876 214 884 ⁶
284 887 341 952 VI.
381 883 416 950 Si
438 904 550 944 canem
578 880 635 962 qui
660 890 785 942 curtem
814 881 963 946 defendit
989 883 1108 968 aliquis
1134 884 1319 964 occiderit,

197 985 275 1038 cum
292 968 397 1032 solido
427 975 605 1047 componat.

210 1043 216 1056 ¹
283 1052 359 1116 Vll.
380 1051 423 1111 Et
435 1049 461 1109 si
475 1048 541 1129 ipse
554 1045 643 1108 canis
656 1045 798 1130 aliquem
811 1046 1117 1130 per'vestimentnm
1135 1047 1318 1134 adprehen-

202 1135 298 1215 derit,
321 1144 353 1197 et
373 1153 457 1208 ,eum
476 1129 567 1212 quasi
598 1121 713 1190 nolens
729 1132 934 1212 percusserit,
962 1140 995 1192 et
1019 1142 1165 1197 mortuus
1191 1132 1328 1214 fuerit,

200 1220 287 1281 iuret
307 1228 342 1279 ut
360 1237 417 1300 per
431 1211 586 1274 invidiam
609 1232 674 1272 non
696 1211 841 1288 fecisset,
866 1212 928 1275 uisi
948 1236 981 1277 se
997 1216 1037 1276 ad
1058 1215 1318 1296 defendendum,

201 1289 233 1363 et
253 1302 352 1362 donet
376 1298 476 1360 alium
496 1293 666 1374 catellum,
689 1291 746 1380 qni
771 1293 882 1378 iugum
910 1305 1124 1381 transpassare
1146 1298 1257 1380 possit,

201 1419 293 1512 TIT,
317 1414 537 1490 LXXXIII.
560 1407 666 1506 (84.)
716 1414 774 1484 De
809 1439 855 1484 eo
880 1418 945 1508 qui
973 1417 1315 1516 aliquamrclanenf

207 1529 210 1536 '
237 1529 240 1541 '
266 1517 354 1612 ,rani
379 1519 538 1608 ineque
563 1513 708 1604 fecerit,
737 1527 774 1586 et
799 1517 850 1584 ibi
876 1517 1015 1610 aliquid
1041 1520 1238 1590 necaverit.

209 1639 212 1644 ’
285 1639 310 1699 Ι.
352 1637 386 1698 Si
414 1635 488 1719 quis
519 1632 682 1693 mulinum
703 1643 758 1696 aut
787 1634 1049 1718 qualemcunque
1074 1639 1256 1699 clausuram
1276 1637 1316 1698 iu

196 1719 284 1806 'aqna
307 1721 414 1782 facere
440 1716 602 1794 voluerit,
628 1717 674 1778 sic
696 1717 793 1779 faciat
820 1725 857 1778 ut
886 1719 1008 1780 nemini
1030 1723 1167 1783 noceat'
1195 1722 1230 1782 si
1254 1741 1316 1781 an-

199 1815 267 1870 tem
289 1802 455 1879 nocuerit,
485 1809 653 1882 rumpatur
678 1821 779 1882 usqne
807 1800 884 1862 dum
907 1823 974 1862 non
1003 1813 1128 1870 noceat.

283 1888 326 1952 lI.
367 1885 402 1946 Si
427 1882 536 1954 ambae
559 1883 649 1964 ripae
682 1903 757 1943 suae
783 1891 879 1963 snut,
915 1883 1081 1946 licentiam
1107 1883 1234 1950 habeat
1275 1882 1316 1945 Si

199 1981 308 2034 autem
328 1991 393 2029 nna
416 1967 548 2028 alterins
572 1974 635 2041 est,
662 1974 717 2025 aut
741 1975 849 2048 roget,
884 1976 940 2026 aut
963 1978 1134 2052 comparet.
1186 2041 1189 2050 Ι

283 2053 354 2116 ΠΙ.4
382 2049 416 2111 Si
451 2049 523 2132 quis
551 2047 691 2130 aliquam
725 2048 968 2114 clausuramssiu
1003 2071 1086 2133 aqna
1112 2051 1246 2127 fecerit,
1279 2061 1314 2114 ee

199 2137 268 2220 Ipsa
287 2155 369 2216 aqua
397 2131 559 2193 inflaverit
581 2141 612 2191 et
639 2130 683 2190 ibi
710 2130 848 2192 alienius
869 2152 968 2214 pecus
996 2135 1163 2194 necaverit
1186 2135 1236 2196 vel
1261 2133 1313 2193 fa·

198 2218 330 2294 mulus,
351 2217 402 2277 vel
426 2215 551 2291 infans,
571 2212 729 2296 quicquid
754 2213 797 2274 ibi
819 2216 1002 2297 negaverit,
1023 2215 1128 2279 simile
1149 2217 1311 2296 restituat,

200 2299 456 2382 unumquodque
483 2296 663 2358 secundum
684 2297 788 2379 legem
814 2318 903 2358 snam
928 2309 1108 2382 componat.

200 2419 294 2498 Tur,
318 2411 654 2512 LXXX1V.·(85.)
680 2417 739 2486 De
764 2417 821 2486 his
845 2418 908 2509 qui
932 2418 1106 2508 deterre
1129 2443 1195 2490 sua
1213 2421 1312 2492 iuter

609 2539 647 2585 se
673 2517 910 2593 contendunt.

216 2719 221 2728 ,
281 2643 319 2710 Si
342 2665 406 2728 qua
427 2642 594 2706 contentio
613 2654 684 2706 ‘orta
705 2643 805 2706 fuerit
829 2643 915 2707 inter
932 2646 1010 2709 dnus
1040 2645 1245 2728 genealogias
1270 2646 1313 2708 de

195 2729 341 2793 'termino
365 2738 468 2788 terrae
498 2749 632 2804 eorum,
655 2735 688 2788 et
713 2750 798 2788 unus
825 2728 927 2794 dicitt
951 2729 1015 2794 Hic
1039 2738 1088 2788 est
1111 2739 1221 2790 noster
1244 2739 1310 2790 ten

200 2815 326 2888 miuus,
348 2811 431 2871 alius
454 2811 578 2870 revedit
596 2809 628 2869 in
651 2809 751 2870 aliurn
776 2812 901 2887 locum,
924 2820 956 2872 et
978 2811 1078 2872 dicit:
1107 2811 1167 2872 Hic
1185 2821 1232 2872 est
1250 2833 1311 2874 no-

201 2905 268 2960 ster
292 2893 467 2967 terminus,
490 2891 534 2952 ibi
552 2913 701 2974 praesens
725 2895 766 2954 sit
789 2890 905 2955 Comes
930 2895 969 2956 de
990 2893 1086 2976 plebe
1106 2894 1180 2971 illa,
1203 2902 1235 2955 et
1254 2916 1310 2977 po·

202 2990 259 3040 nat
280 2977 408 3058 signum
431 2974 488 3036 ubi
510 2974 568 3036 iste
593 2975 751 3054 voluerit,
774 2987 807 3038 et
827 2976 884 3036 ubi
903 2975 960 3038 ille
984 2977 1066 3039 alius
1085 2977 1228 3038 voluerit
1249 2987 1310 3038 ter·

201 3063 344 3136 minum,
377 3067 410 3119 et
439 3058 549 3140 glreut,
581 3057 680 3138 ipsum
704 3059 949 3121 contentionem
968 3066 1012 3133 z).
1065 3061 1239 3142 Postquam
1268 3060 1312 3142 gi·

202 3155 270 3206 rata
298 3141 398 3202 fuerit
424 3154 478 3218 al,
513 3139 645 3202 veniant
675 3140 709 3201 in
741 3142 901 3220 medinm,
925 3150 957 3203 et
986 3153 1155 3224 praesente
1187 3145 1310 3204 Comite

203 3226 322 3288 tollant
346 3223 394 3306 de
412 3222 480 3306 ipsa
504 3231 611 3300 terra,
640 3225 728 3304 quod
754 3224 926 3285 Alamanni
956 3225 1094 3286 curffodi
1122 3227 1157 3298 b)
1181 3225 1312 3302 dicunt,

206 3317 239 3370 et
262 3327 365 3367 ramos
384 3305 431 3368 ,de
451 3305 525 3387 ipsis
548 3305 716 3368 arboribus
740 3306 874 3390 inligant
898 3309 932 3366 iu
958 3308 1058 3390 ipsam
1076 3316 1192 3368 terram
1208 3329 1312 3390 ¹quarn

203 3389 342 3464 tollunt,
373 3397 404 3448 et
429 3388 503 3448 illae
526 3389 731 3472 genealogiae
756 3413 843 3472 quae
864 3391 1068 3451 contendunt
1092 3390 1205 3451 levent
1223 3393 1312 3451 illam

204 3481 323 3535 terram
342 3479 509 3552 praesente
533 3471 674 3548 Comite,
697 3482 730 3534 et
748 3475 975 3534 commendent
990 3473 1022 3532 in
1044 3495 1101 3533 sua
1119 3493 1232 3533 manu:
1255 3474 1312 3533 ille

204 3555 352 3617 involvat
375 3555 408 3620 in
434 3555 571 3628 fanone,
592 3562 625 3612 et
647 3566 745 3636 ponat
767 3555 930 3639 sigillum,
952 3562 984 3616 et
1006 3557 1208 3619 commendet
1226 3555 1313 3618 fideli

204 3657 301 3698 mann
325 3657 426 3718 usque
449 3637 489 3697 ad
513 3644 666 3697 statutum
690 3639 855 3719 placitum.
904 3640 998 3700 Tunc
1027 3639 1209 3720 spondeant
1228 3639 1313 3698 inter

204 3743 237 3784 se
266 3741 407 3804 pugnarn
429 3719 577 3780 duorum.
619 3722 759 3798 Quando
780 3720 881 3805 parati
898 3729 974 3783 sunt
995 3717 1035 3781 'ad
1057 3743 1215 3803 pugnam,
1234 3732 1312 3782 tunc

203 3815 326 3887 ponant
347 3803 447 3885 ipsam
470 3813 587 3862 terram
613 3803 646 3862 iu
671 3805 797 3882 medio,
821 3814 853 3866 et
871 3813 1006 3885 tangant
1029 3804 1130 3884 ipsam
1153 3825 1225 3865 cum
1244 3805 1312 3886 spa-

205 3888 244 3948 tis
268 3887 349 3963 suis,
373 3908 445 3946 cum
468 3886 586 3967 quibus
608 3905 751 3967 pugnare
771 3886 908 3963 debent,
931 3894 962 3946 et
982 3887 1197 3948 testificentur
1208 3889 1313 3948 Deum

203 3979 381 4032 creatorem
412 3978 449 4027 ut
480 3968 572 4028 onius
600 3969 641 4028 sit
670 3968 810 4047 iustitia,
846 3970 945 4053 ipsius
973 3968 1014 4030 sit
1039 3980 1072 4032 et
1102 3970 1252 4042 'victoria;
1283 3978 1314 4032 et

270 4143 315 4213 y)
332 4142 374 4195 nl.
401 4141 488 4195 Codd.
521 4141 638 4194 veterem.
689 4139 728 4209 e)
745 4141 814 4200 Met.
842 4154 954 4196 terram.
1007 4139 1038 4212 a)
1056 4141 1098 4198 Al.
1117 4143 1211 4210 iurene
1228 4143 1314 4214 ipsam

200 4215 440 4353 ἓοιιιὶιὶεὲιειόηιιη,Ιἰ
451 4213 600 4284 Postquam
612 4214 709 4266 iurata
724 4212 821 4298 fuerit,
865 4211 899 4281 b)
909 4211 977 4264 cod.
992 4211 1057 4265 Met.
1069 4221 1097 4265 et
1105 4211 1213 4296 Thuan.
1232 4213 1316 4291 story}

222 4298 447 4338 crenzuru.
574 4303 576 4307 ·
670 4307 672 4314 ι
959 4309 962 4316 .
1093 4293 1120 4330 ,ρ
