<?xml version="1.0" encoding="UTF-8"?>
<!DOCTYPE html PUBLIC "-//W3C//DTD XHTML 1.0 Transitional//EN"
    "http://www.w3.org/TR/xhtml1/DTD/xhtml1-transitional.dtd">
<html xmlns="http://www.w3.org/1999/xhtml" xml:lang="en" lang="en">
 <head>
  <title>
</title>
<meta http-equiv="Content-Type" content="text/html;charset=utf-8" />
  <meta name='ocr-system' content='tesseract 3.04.00' />
  <meta name='ocr-capabilities' content='ocr_page ocr_carea ocr_par ocr_line ocrx_word'/>
</head>
<body>
  <div class='ocr_page' id='page_1' title='image "./corpusiurisgerm02visigoog/corpusiurisgerm02visigoog_0350.png"; bbox 0 0 2900 5020; ppageno 0'>
   <div class='ocr_carea' id='block_1_1' title="bbox 352 285 1218 364">
    <p class='ocr_par' dir='ltr' id='par_1_1' title="bbox 352 285 1218 364">
     <span class='ocr_line' id='line_1_1' title="bbox 352 285 1218 364; baseline -0.005 0"><span class='ocrx_word' id='word_1_1' title='bbox 352 307 462 364; x_wconf 81' lang='lat' dir='ltr'><strong>neers</strong></span> <span class='ocrx_word' id='word_1_2' title='bbox 478 303 862 364; x_wconf 80' lang='lat' dir='ltr'><strong>nuaconmuunnrrr.</strong></span> <span class='ocrx_word' id='word_1_3' title='bbox 883 306 957 361; x_wconf 89' lang='lat' dir='ltr'><strong>un.</strong></span> <span class='ocrx_word' id='word_1_4' title='bbox 1143 285 1218 362; x_wconf 70' lang='lat' dir='ltr'><strong>ott</strong></span> 
     </span>
    </p>
   </div>
   <div class='ocr_carea' id='block_1_2' title="bbox 91 444 1224 1360">
    <p class='ocr_par' dir='ltr' id='par_1_2' title="bbox 91 444 1224 1360">
     <span class='ocr_line' id='line_1_2' title="bbox 91 444 1216 532; baseline -0.003 -18"><span class='ocrx_word' id='word_1_5' title='bbox 91 459 150 514; x_wconf 88' lang='lat' dir='ltr'><strong>rat</strong></span> <span class='ocrx_word' id='word_1_6' title='bbox 173 447 331 532; x_wconf 68' lang='lat' dir='ltr'><strong>obligata,</strong></span> <span class='ocrx_word' id='word_1_7' title='bbox 344 448 487 531; x_wconf 79' lang='lat' dir='ltr'><strong>pretium</strong></span> <span class='ocrx_word' id='word_1_8' title='bbox 516 455 552 522; x_wconf 88' lang='lat' dir='ltr'><strong>o)</strong></span> <span class='ocrx_word' id='word_1_9' title='bbox 573 467 678 523; x_wconf 83' lang='lat' dir='ltr'><strong>suum,</strong></span> <span class='ocrx_word' id='word_1_10' title='bbox 700 444 764 506; x_wconf 88' lang='lat' dir='ltr'><strong>hoc</strong></span> <span class='ocrx_word' id='word_1_11' title='bbox 786 455 852 522; x_wconf 58' lang='lat' dir='ltr'><strong>ests</strong></span> <span class='ocrx_word' id='word_1_12' title='bbox 866 446 929 508; x_wconf 86' lang='lat' dir='ltr'><strong>CL.</strong></span> <span class='ocrx_word' id='word_1_13' title='bbox 950 445 1077 510; x_wconf 84' lang='lat' dir='ltr'><strong>solidos·</strong></span> <span class='ocrx_word' id='word_1_14' title='bbox 1091 445 1216 511; x_wconf 72' lang='lat' dir='ltr'><strong>Fiedr-</strong></span> 
     </span>
     <span class='ocr_line' id='line_1_3' title="bbox 95 528 1221 622; baseline -0.007 -27"><span class='ocrx_word' id='word_1_15' title='bbox 95 532 204 622; x_wconf 79' lang='lat' dir='ltr'><strong>gisalo</strong></span> <span class='ocrx_word' id='word_1_16' title='bbox 217 554 282 593; x_wconf 91' lang='lat' dir='ltr'><strong>non</strong></span> <span class='ocrx_word' id='word_1_17' title='bbox 299 541 445 592; x_wconf 77' lang='lat' dir='ltr'><strong>moretur</strong></span> <span class='ocrx_word' id='word_1_18' title='bbox 463 531 642 596; x_wconf 77' lang='lat' dir='ltr'><strong>exsolvere.</strong></span> <span class='ocrx_word' id='word_1_19' title='bbox 664 528 804 607; x_wconf 86' lang='lat' dir='ltr'><strong>Quodsi</strong></span> <span class='ocrx_word' id='word_1_20' title='bbox 827 528 982 590; x_wconf 78' lang='lat' dir='ltr'><strong>iuraverit</strong></span> <span class='ocrx_word' id='word_1_21' title='bbox 998 551 1105 612; x_wconf 82' lang='lat' dir='ltr'><strong>neque</strong></span> <span class='ocrx_word' id='word_1_22' title='bbox 1129 532 1221 591; x_wconf 75' lang='lat' dir='ltr'><strong>dama</strong></span> 
     </span>
     <span class='ocr_line' id='line_1_4' title="bbox 94 612 1222 698; baseline -0.002 -21"><span class='ocrx_word' id='word_1_23' title='bbox 94 638 193 692; x_wconf 87' lang='lat' dir='ltr'><strong>num,</strong></span> <span class='ocrx_word' id='word_1_24' title='bbox 216 635 325 698; x_wconf 83' lang='lat' dir='ltr'><strong>neque</strong></span> <span class='ocrx_word' id='word_1_25' title='bbox 344 614 528 696; x_wconf 89' lang='lat' dir='ltr'><strong>periculum</strong></span> <span class='ocrx_word' id='word_1_26' title='bbox 546 613 697 694; x_wconf 85' lang='lat' dir='ltr'><strong>patietur.</strong></span> <span class='ocrx_word' id='word_1_27' title='bbox 729 612 892 673; x_wconf 89' lang='lat' dir='ltr'><strong>Iudicium</strong></span> <span class='ocrx_word' id='word_1_28' title='bbox 912 633 990 674; x_wconf 83' lang='lat' dir='ltr'><strong>vero</strong></span> <span class='ocrx_word' id='word_1_29' title='bbox 1012 615 1046 673; x_wconf 89' lang='lat' dir='ltr'><strong>in</strong></span> <span class='ocrx_word' id='word_1_30' title='bbox 1064 615 1222 675; x_wconf 67' lang='lat' dir='ltr'><strong>hunuano</strong></span> 
     </span>
     <span class='ocr_line' id='line_1_5' title="bbox 94 694 1221 782; baseline -0.004 -19"><span class='ocrx_word' id='word_1_31' title='bbox 94 723 135 763; x_wconf 85' lang='lat' dir='ltr'><strong>sa</strong></span> <span class='ocrx_word' id='word_1_32' title='bbox 156 700 321 782; x_wconf 72' lang='lat' dir='ltr'><strong>,prolatum</strong></span> <span class='ocrx_word' id='word_1_33' title='bbox 342 698 382 758; x_wconf 93' lang='lat' dir='ltr'><strong>ad</strong></span> <span class='ocrx_word' id='word_1_34' title='bbox 403 697 508 759; x_wconf 80' lang='lat' dir='ltr'><strong>vicem</strong></span> <span class='ocrx_word' id='word_1_35' title='bbox 521 699 690 756; x_wconf 84' lang='lat' dir='ltr'><strong>mansurae</strong></span> <span class='ocrx_word' id='word_1_36' title='bbox 705 694 740 753; x_wconf 90' lang='lat' dir='ltr'><strong>in</strong></span> <span class='ocrx_word' id='word_1_37' title='bbox 760 715 876 755; x_wconf 49' lang='lat' dir='ltr'><strong>¹aevum</strong></span> <span class='ocrx_word' id='word_1_38' title='bbox 899 697 980 778; x_wconf 79' lang='lat' dir='ltr'><strong>legIs</strong></span> <span class='ocrx_word' id='word_1_39' title='bbox 999 697 1221 780; x_wconf 81' lang='lat' dir='ltr'><strong>praecipimus</strong></span> 
     </span>
     <span class='ocr_line' id='line_1_6' title="bbox 97 777 1224 862; baseline -0.003 -19"><span class='ocrx_word' id='word_1_40' title='bbox 97 781 272 848; x_wconf 83' lang='lat' dir='ltr'><strong>custodiri.</strong></span> <span class='ocrx_word' id='word_1_41' title='bbox 312 781 357 842; x_wconf 90' lang='lat' dir='ltr'><strong>Et</strong></span> <span class='ocrx_word' id='word_1_42' title='bbox 377 801 418 842; x_wconf 89' lang='lat' dir='ltr'><strong>ne</strong></span> <span class='ocrx_word' id='word_1_43' title='bbox 441 800 637 862; x_wconf 87' lang='lat' dir='ltr'><strong>quemquam</strong></span> <span class='ocrx_word' id='word_1_44' title='bbox 659 777 812 860; x_wconf 74' lang='lat' dir='ltr'>deinceps</span> <span class='ocrx_word' id='word_1_45' title='bbox 833 779 873 838; x_wconf 91' lang='lat' dir='ltr'><strong>ad</strong></span> <span class='ocrx_word' id='word_1_46' title='bbox 894 780 1114 840; x_wconf 80' lang='lat' dir='ltr'><strong>exercendum</strong></span> <span class='ocrx_word' id='word_1_47' title='bbox 1137 781 1224 842; x_wconf 81' lang='lat' dir='ltr'><strong>tanti</strong></span> 
     </span>
     <span class='ocr_line' id='line_1_7' title="bbox 94 859 1222 946; baseline -0.003 -19"><span class='ocrx_word' id='word_1_48' title='bbox 94 865 258 927; x_wconf 90' lang='lat' dir='ltr'><strong>facinoris</strong></span> <span class='ocrx_word' id='word_1_49' title='bbox 281 884 393 926; x_wconf 86' lang='lat' dir='ltr'><strong>ausum</strong></span> <span class='ocrx_word' id='word_1_50' title='bbox 413 862 585 946; x_wconf 81' lang='lat' dir='ltr'><strong>permissae</strong></span> <span class='ocrx_word' id='word_1_51' title='bbox 603 881 692 921; x_wconf 89' lang='lat' dir='ltr'><strong>nunc</strong></span> <span class='ocrx_word' id='word_1_52' title='bbox 708 859 949 944; x_wconf 80' lang='lat' dir='ltr'><strong>compositionis</strong></span> <span class='ocrx_word' id='word_1_53' title='bbox 969 872 1222 944; x_wconf 87' lang='lat' dir='ltr'><strong>temperamenta</strong></span> 
     </span>
     <span class='ocr_line' id='line_1_8' title="bbox 97 943 1222 1025; baseline 0.002 -14"><span class='ocrx_word' id='word_1_54' title='bbox 97 947 299 1024; x_wconf 75' lang='lat' dir='ltr'><strong>sollicitent,</strong></span> <span class='ocrx_word' id='word_1_55' title='bbox 333 945 479 1006; x_wconf 90' lang='lat' dir='ltr'><strong>iubemus</strong></span> <span class='ocrx_word' id='word_1_56' title='bbox 503 955 540 1006; x_wconf 91' lang='lat' dir='ltr'><strong>ut</strong></span> <span class='ocrx_word' id='word_1_57' title='bbox 568 965 781 1025; x_wconf 85' lang='lat' dir='ltr'><strong>quoscunque</strong></span> <span class='ocrx_word' id='word_1_58' title='bbox 804 943 918 1006; x_wconf 89' lang='lat' dir='ltr'><strong>similis</strong></span> <span class='ocrx_word' id='word_1_59' title='bbox 937 945 1015 1005; x_wconf 89' lang='lat' dir='ltr'><strong>facti</strong></span> <span class='ocrx_word' id='word_1_60' title='bbox 1035 955 1144 1011; x_wconf 86' lang='lat' dir='ltr'><strong>reatus</strong></span> <span class='ocrx_word' id='word_1_61' title='bbox 1165 969 1222 1022; x_wconf 67' lang='lat' dir='ltr'><strong>au:</strong></span> 
     </span>
     <span class='ocr_line' id='line_1_9' title="bbox 98 1025 1223 1113; baseline 0 -23"><span class='ocrx_word' id='word_1_62' title='bbox 98 1031 271 1113; x_wconf 83' lang='lat' dir='ltr'><strong>quaverit,</strong></span> <span class='ocrx_word' id='word_1_63' title='bbox 295 1051 360 1090; x_wconf 92' lang='lat' dir='ltr'><strong>non</strong></span> <span class='ocrx_word' id='word_1_64' title='bbox 386 1038 450 1090; x_wconf 91' lang='lat' dir='ltr'><strong>tam</strong></span> <span class='ocrx_word' id='word_1_65' title='bbox 472 1025 642 1110; x_wconf 89' lang='lat' dir='ltr'><strong>dispendia</strong></span> <span class='ocrx_word' id='word_1_66' title='bbox 669 1029 850 1088; x_wconf 87' lang='lat' dir='ltr'><strong>sustineant</strong></span> <span class='ocrx_word' id='word_1_67' title='bbox 879 1028 1089 1107; x_wconf 83' lang='lat' dir='ltr'><strong>facultatum,</strong></span> <span class='ocrx_word' id='word_1_68' title='bbox 1125 1050 1223 1112; x_wconf 75' lang='lat' dir='ltr'><strong>quarn</strong></span> 
     </span>
     <span class='ocr_line' id='line_1_10' title="bbox 100 1110 1223 1196; baseline -0.002 -22"><span class='ocrx_word' id='word_1_69' title='bbox 100 1114 219 1196; x_wconf 85' lang='lat' dir='ltr'><strong>capitis</strong></span> <span class='ocrx_word' id='word_1_70' title='bbox 239 1113 408 1174; x_wconf 87' lang='lat' dir='ltr'><strong>amissione</strong></span> <span class='ocrx_word' id='word_1_71' title='bbox 428 1111 623 1194; x_wconf 84' lang='lat' dir='ltr'><strong>plectantur.</strong></span> <span class='ocrx_word' id='word_1_72' title='bbox 646 1110 777 1170; x_wconf 86' lang='lat' dir='ltr'><strong>Rectius</strong></span> <span class='ocrx_word' id='word_1_73' title='bbox 800 1120 847 1172; x_wconf 91' lang='lat' dir='ltr'><strong>est</strong></span> <span class='ocrx_word' id='word_1_74' title='bbox 866 1111 965 1188; x_wconf 88' lang='lat' dir='ltr'><strong>enim,</strong></span> <span class='ocrx_word' id='word_1_75' title='bbox 986 1121 1024 1172; x_wconf 91' lang='lat' dir='ltr'><strong>ut</strong></span> <span class='ocrx_word' id='word_1_76' title='bbox 1042 1134 1223 1194; x_wconf 88' lang='lat' dir='ltr'><strong>paucorum</strong></span> 
     </span>
     <span class='ocr_line' id='line_1_11' title="bbox 101 1192 1221 1276; baseline -0.002 -18"><span class='ocrx_word' id='word_1_77' title='bbox 101 1195 377 1258; x_wconf 87' lang='lat' dir='ltr'><strong>condemnatione</strong></span> <span class='ocrx_word' id='word_1_78' title='bbox 403 1194 578 1255; x_wconf 89' lang='lat' dir='ltr'><strong>multitudo</strong></span> <span class='ocrx_word' id='word_1_79' title='bbox 607 1192 805 1274; x_wconf 83' lang='lat' dir='ltr'><strong>corrigatur,</strong></span> <span class='ocrx_word' id='word_1_80' title='bbox 827 1215 924 1276; x_wconf 89' lang='lat' dir='ltr'><strong>qnam</strong></span> <span class='ocrx_word' id='word_1_81' title='bbox 945 1195 1005 1256; x_wconf 91' lang='lat' dir='ltr'><strong>snb</strong></span> <span class='ocrx_word' id='word_1_82' title='bbox 1036 1196 1143 1276; x_wconf 88' lang='lat' dir='ltr'><strong>specie</strong></span> <span class='ocrx_word' id='word_1_83' title='bbox 1165 1193 1221 1270; x_wconf 53' lang='lat' dir='ltr'><strong>inf-</strong></span> 
     </span>
     <span class='ocr_line' id='line_1_12' title="bbox 101 1273 1224 1360; baseline -0.004 -20"><span class='ocrx_word' id='word_1_84' title='bbox 101 1298 267 1360; x_wconf 81' lang='lat' dir='ltr'><strong>cougruae</strong></span> <span class='ocrx_word' id='word_1_85' title='bbox 297 1275 500 1338; x_wconf 86' lang='lat' dir='ltr'><strong>incivilitatis</strong></span> <span class='ocrx_word' id='word_1_86' title='bbox 519 1289 559 1360; x_wconf 83' lang='lat' dir='ltr'><strong>pt</strong></span> <span class='ocrx_word' id='word_1_87' title='bbox 581 1273 817 1336; x_wconf 87' lang='lat' dir='ltr'><strong>intromittatur</strong></span> <span class='ocrx_word' id='word_1_88' title='bbox 842 1277 987 1354; x_wconf 89' lang='lat' dir='ltr'><strong>occasio,</strong></span> <span class='ocrx_word' id='word_1_89' title='bbox 1009 1299 1092 1359; x_wconf 90' lang='lat' dir='ltr'><strong>quae</strong></span> <span class='ocrx_word' id='word_1_90' title='bbox 1122 1276 1224 1338; x_wconf 88' lang='lat' dir='ltr'><strong>licen-</strong></span> 
     </span>
    </p>
   </div>
   <div class='ocr_carea' id='block_1_3' title="bbox 99 1357 1318 1444">
    <p class='ocr_par' dir='ltr' id='par_1_3' title="bbox 99 1357 1318 1444">
     <span class='ocr_line' id='line_1_13' title="bbox 99 1357 1318 1444; baseline -0.001 -22"><span class='ocrx_word' id='word_1_91' title='bbox 99 1362 182 1422; x_wconf 91' lang='lat' dir='ltr'><strong>tiam</strong></span> <span class='ocrx_word' id='word_1_92' title='bbox 205 1359 326 1420; x_wconf 90' lang='lat' dir='ltr'><strong>tribuat</strong></span> <span class='ocrx_word' id='word_1_93' title='bbox 346 1359 571 1443; x_wconf 87' lang='lat' dir='ltr'><strong>delinquendi.</strong></span> <span class='ocrx_word' id='word_1_94' title='bbox 612 1361 695 1420; x_wconf 89' lang='lat' dir='ltr'><strong>Data</strong></span> <span class='ocrx_word' id='word_1_95' title='bbox 716 1358 776 1420; x_wconf 90' lang='lat' dir='ltr'><strong>snb</strong></span> <span class='ocrx_word' id='word_1_96' title='bbox 792 1357 844 1421; x_wconf 88' lang='lat' dir='ltr'><strong>die</strong></span> <span class='ocrx_word' id='word_1_97' title='bbox 861 1359 919 1425; x_wconf 88' lang='lat' dir='ltr'><strong>IV.</strong></span> <span class='ocrx_word' id='word_1_98' title='bbox 941 1359 1106 1424; x_wconf 82' lang='lat' dir='ltr'><strong>Kalendas</strong></span> <span class='ocrx_word' id='word_1_99' title='bbox 1127 1361 1222 1444; x_wconf 86' lang='lat' dir='ltr'><strong>Apri·</strong></span> <span class='ocrx_word' id='word_1_100' title='bbox 1316 1401 1318 1412; x_wconf 87' lang='lat'>·</span> 
     </span>
    </p>
   </div>
   <div class='ocr_carea' id='block_1_4' title="bbox 98 1443 485 1526">
    <p class='ocr_par' dir='ltr' id='par_1_4' title="bbox 98 1443 485 1526">
     <span class='ocr_line' id='line_1_14' title="bbox 98 1443 485 1526; baseline 0 -22"><span class='ocrx_word' id='word_1_101' title='bbox 98 1444 143 1506; x_wconf 88' lang='lat' dir='ltr'><strong>lis</strong></span> <span class='ocrx_word' id='word_1_102' title='bbox 164 1443 301 1526; x_wconf 83' lang='lat' dir='ltr'><strong>Agapito</strong></span> <span class='ocrx_word' id='word_1_103' title='bbox 330 1443 485 1509; x_wconf 83' lang='lat' dir='ltr'><strong>Consule.</strong></span> 
     </span>
    </p>
   </div>
   <div class='ocr_carea' id='block_1_5' title="bbox 113 1609 1224 1886">
    <p class='ocr_par' dir='ltr' id='par_1_5' title="bbox 113 1609 1224 1886">
     <span class='ocr_line' id='line_1_15' title="bbox 113 1609 1224 1709; baseline 0.005 -30"><span class='ocrx_word' id='word_1_104' title='bbox 113 1685 117 1709; x_wconf 42' lang='grc' dir='ltr'>Ι</span> <span class='ocrx_word' id='word_1_105' title='bbox 203 1611 292 1680; x_wconf 78' lang='lat' dir='ltr'><strong>Tar.</strong></span> <span class='ocrx_word' id='word_1_106' title='bbox 319 1611 421 1681; x_wconf 91' lang='lat' dir='ltr'><strong>LIII.</strong></span> <span class='ocrx_word' id='word_1_107' title='bbox 473 1611 531 1681; x_wconf 93' lang='lat' dir='ltr'><strong>De</strong></span> <span class='ocrx_word' id='word_1_108' title='bbox 556 1609 821 1682; x_wconf 83' lang='lat' dir='ltr'><strong>hereditatibus</strong></span> <span class='ocrx_word' id='word_1_109' title='bbox 846 1611 1020 1694; x_wconf 89' lang='lat' dir='ltr'><strong>filiorum,</strong></span> <span class='ocrx_word' id='word_1_110' title='bbox 1060 1613 1122 1706; x_wconf 91' lang='lat' dir='ltr'><strong>qni</strong></span> <span class='ocrx_word' id='word_1_111' title='bbox 1221 1652 1224 1660; x_wconf 39' lang='grc' dir='ltr'><strong><em>ι</em></strong></span> 
     </span>
     <span class='ocr_line' id='line_1_16' title="bbox 285 1711 1055 1807; baseline 0.001 -27"><span class='ocrx_word' id='word_1_112' title='bbox 285 1723 368 1806; x_wconf 88' lang='lat' dir='ltr'><strong>post</strong></span> <span class='ocrx_word' id='word_1_113' title='bbox 393 1711 505 1805; x_wconf 88' lang='lat' dir='ltr'><strong>patris</strong></span> <span class='ocrx_word' id='word_1_114' title='bbox 536 1711 675 1782; x_wconf 84' lang='lat' dir='ltr'><strong>obitum</strong></span> <span class='ocrx_word' id='word_1_115' title='bbox 708 1723 826 1782; x_wconf 87' lang='lat' dir='ltr'><strong>matre</strong></span> <span class='ocrx_word' id='word_1_116' title='bbox 862 1715 1055 1807; x_wconf 84' lang='lat' dir='ltr'><strong>superstite</strong></span> 
     </span>
     <span class='ocr_line' id='line_1_17' title="bbox 455 1812 869 1886; baseline -0.002 -8"><span class='ocrx_word' id='word_1_117' title='bbox 455 1812 615 1880; x_wconf 86' lang='lat' dir='ltr'><strong>intestati</strong></span> <span class='ocrx_word' id='word_1_118' title='bbox 650 1813 869 1886; x_wconf 76' lang='lat' dir='ltr'><strong>moriuntur.</strong></span> 
     </span>
    </p>
   </div>
   <div class='ocr_carea' id='block_1_6' title="bbox 105 1937 1228 2369">
    <p class='ocr_par' dir='ltr' id='par_1_6' title="bbox 105 1937 1228 2369">
     <span class='ocr_line' id='line_1_18' title="bbox 188 1937 1225 2024; baseline -0.003 -20"><span class='ocrx_word' id='word_1_119' title='bbox 188 1938 282 2004; x_wconf 89' lang='lat' dir='ltr'><strong>Licet</strong></span> <span class='ocrx_word' id='word_1_120' title='bbox 308 1939 422 2004; x_wconf 85' lang='lat' dir='ltr'><strong>emissa</strong></span> <span class='ocrx_word' id='word_1_121' title='bbox 444 1939 654 2022; x_wconf 90' lang='lat' dir='ltr'><strong>iampridem</strong></span> <span class='ocrx_word' id='word_1_122' title='bbox 675 1938 776 2001; x_wconf 90' lang='lat' dir='ltr'><strong>fuerit</strong></span> <span class='ocrx_word' id='word_1_123' title='bbox 795 1940 867 2024; x_wconf 81' lang='lat' dir='ltr'><strong>lege</strong></span> <span class='ocrx_word' id='word_1_124' title='bbox 894 1937 1116 2018; x_wconf 86' lang='lat' dir='ltr'><strong>constitutum,</strong></span> <span class='ocrx_word' id='word_1_125' title='bbox 1137 1945 1178 2001; x_wconf 83' lang='lat' dir='ltr'><strong>ut</strong></span> <span class='ocrx_word' id='word_1_126' title='bbox 1193 1937 1225 2001; x_wconf 83' lang='lat' dir='ltr'><strong>si</strong></span> 
     </span>
     <span class='ocr_line' id='line_1_19' title="bbox 105 2021 1228 2108; baseline -0.005 -19"><span class='ocrx_word' id='word_1_127' title='bbox 105 2025 262 2089; x_wconf 88' lang='lat' dir='ltr'><strong>defuncto</strong></span> <span class='ocrx_word' id='word_1_128' title='bbox 280 2034 371 2108; x_wconf 88' lang='lat' dir='ltr'><strong>patre</strong></span> <span class='ocrx_word' id='word_1_129' title='bbox 392 2022 561 2104; x_wconf 84' lang='lat' dir='ltr'><strong>intestatus</strong></span> <span class='ocrx_word' id='word_1_130' title='bbox 574 2023 706 2104; x_wconf 88' lang='lat' dir='ltr'><strong>obiisset</strong></span> <span class='ocrx_word' id='word_1_131' title='bbox 723 2023 869 2102; x_wconf 85' lang='lat' dir='ltr'><strong>filius,ac</strong></span> <span class='ocrx_word' id='word_1_132' title='bbox 885 2023 931 2084; x_wconf 90' lang='lat' dir='ltr'><strong>sic</strong></span> <span class='ocrx_word' id='word_1_133' title='bbox 956 2031 1058 2082; x_wconf 90' lang='lat' dir='ltr'><strong>mater</strong></span> <span class='ocrx_word' id='word_1_134' title='bbox 1083 2026 1120 2105; x_wconf 85' lang='lat' dir='ltr'><strong>q)</strong></span> <span class='ocrx_word' id='word_1_135' title='bbox 1142 2021 1228 2100; x_wconf 72' lang='lat' dir='ltr'><strong>cius,</strong></span> 
     </span>
     <span class='ocr_line' id='line_1_20' title="bbox 105 2104 1228 2190; baseline -0.004 -18"><span class='ocrx_word' id='word_1_136' title='bbox 105 2108 204 2172; x_wconf 89' lang='lat' dir='ltr'><strong>rebus</strong></span> <span class='ocrx_word' id='word_1_137' title='bbox 229 2106 409 2190; x_wconf 87' lang='lat' dir='ltr'><strong>superfusis</strong></span> <span class='ocrx_word' id='word_1_138' title='bbox 434 2113 473 2174; x_wconf 86' lang='lat' dir='ltr'><strong>r)</strong></span> <span class='ocrx_word' id='word_1_139' title='bbox 498 2106 666 2184; x_wconf 86' lang='lat' dir='ltr'><strong>humanis,</strong></span> <span class='ocrx_word' id='word_1_140' title='bbox 697 2106 906 2168; x_wconf 89' lang='lat' dir='ltr'><strong>substantiam</strong></span> <span class='ocrx_word' id='word_1_141' title='bbox 935 2104 995 2164; x_wconf 88' lang='lat' dir='ltr'><strong>filii</strong></span> <span class='ocrx_word' id='word_1_142' title='bbox 1026 2105 1069 2164; x_wconf 87' lang='lat' dir='ltr'><strong>ita</strong></span> <span class='ocrx_word' id='word_1_143' title='bbox 1097 2105 1228 2167; x_wconf 13' lang='lat' dir='ltr'><strong>cantetis</strong></span> 
     </span>
     <span class='ocr_line' id='line_1_21' title="bbox 106 2187 1227 2274; baseline -0.007 -18"><span class='ocrx_word' id='word_1_144' title='bbox 106 2193 195 2256; x_wconf 72' lang='lat' dir='ltr'><strong>vitae</strong></span> <span class='ocrx_word' id='word_1_145' title='bbox 219 2212 294 2252; x_wconf 84' lang='lat' dir='ltr'><strong>suae</strong></span> <span class='ocrx_word' id='word_1_146' title='bbox 318 2189 517 2270; x_wconf 89' lang='lat' dir='ltr'><strong>temporibus</strong></span> <span class='ocrx_word' id='word_1_147' title='bbox 545 2190 735 2272; x_wconf 83' lang='lat' dir='ltr'><strong>possederit,</strong></span> <span class='ocrx_word' id='word_1_148' title='bbox 756 2199 830 2274; x_wconf 89' lang='lat' dir='ltr'><strong>post</strong></span> <span class='ocrx_word' id='word_1_149' title='bbox 852 2187 1023 2252; x_wconf 88' lang='lat' dir='ltr'><strong>transitum</strong></span> <span class='ocrx_word' id='word_1_150' title='bbox 1047 2187 1117 2249; x_wconf 90' lang='lat' dir='ltr'><strong>eius</strong></span> <span class='ocrx_word' id='word_1_151' title='bbox 1148 2188 1227 2249; x_wconf 65' lang='lat' dir='ltr'><strong>nni-1</strong></span> 
     </span>
     <span class='ocr_line' id='line_1_22' title="bbox 107 2271 1227 2369; baseline -0.004 -32"><span class='ocrx_word' id='word_1_152' title='bbox 107 2296 226 2351; x_wconf 81' lang='lat' dir='ltr'><strong>versa,</strong></span> <span class='ocrx_word' id='word_1_153' title='bbox 249 2274 289 2334; x_wconf 90' lang='lat' dir='ltr'><strong>de</strong></span> <span class='ocrx_word' id='word_1_154' title='bbox 330 2274 447 2356; x_wconf 89' lang='lat' dir='ltr'><strong>quibus</strong></span> <span class='ocrx_word' id='word_1_155' title='bbox 473 2273 666 2369; x_wconf 74' lang='lat' dir='ltr'><strong>loquimur,</strong></span> <span class='ocrx_word' id='word_1_156' title='bbox 692 2273 869 2356; x_wconf 87' lang='lat' dir='ltr'><strong>propinqui</strong></span> <span class='ocrx_word' id='word_1_157' title='bbox 892 2272 1037 2334; x_wconf 88' lang='lat' dir='ltr'><strong>eiusdem</strong></span> <span class='ocrx_word' id='word_1_158' title='bbox 1069 2271 1165 2353; x_wconf 88' lang='lat' dir='ltr'><strong>pueri</strong></span> <span class='ocrx_word' id='word_1_159' title='bbox 1185 2289 1227 2332; x_wconf 78' lang='lat' dir='ltr'><strong>ex</strong></span> 
     </span>
    </p>
   </div>
   <div class='ocr_carea' id='block_1_7' title="bbox 107 2355 1233 2443">
    <p class='ocr_par' dir='ltr' id='par_1_7' title="bbox 107 2355 1233 2443">
     <span class='ocr_line' id='line_1_23' title="bbox 107 2355 1233 2443; baseline -0.006 -26"><span class='ocrx_word' id='word_1_160' title='bbox 107 2367 244 2443; x_wconf 91' lang='lat' dir='ltr'><strong>paterno</strong></span> <span class='ocrx_word' id='word_1_161' title='bbox 270 2378 388 2439; x_wconf 82' lang='lat' dir='ltr'><strong>genere</strong></span> <span class='ocrx_word' id='word_1_162' title='bbox 416 2366 585 2418; x_wconf 80' lang='lat' dir='ltr'><strong>vementes</strong></span> <span class='ocrx_word' id='word_1_163' title='bbox 599 2366 794 2439; x_wconf 79' lang='lat' dir='ltr'><strong>acciperent.</strong></span> <span class='ocrx_word' id='word_1_164' title='bbox 838 2357 902 2418; x_wconf 88' lang='lat' dir='ltr'><strong>Sed</strong></span> <span class='ocrx_word' id='word_1_165' title='bbox 923 2355 1128 2437; x_wconf 89' lang='lat' dir='ltr'><strong>postmodnm</strong></span> <span class='ocrx_word' id='word_1_166' title='bbox 1148 2375 1233 2416; x_wconf 48' lang='lat' dir='ltr'><strong>cum¹</strong></span> 
     </span>
    </p>
   </div>
   <div class='ocr_carea' id='block_1_8' title="bbox 81 2437 1233 3850">
    <p class='ocr_par' dir='ltr' id='par_1_8' title="bbox 81 2437 1233 3850">
     <span class='ocr_line' id='line_1_24' title="bbox 111 2437 1224 2523; baseline -0.002 -22"><span class='ocrx_word' id='word_1_167' title='bbox 111 2439 318 2523; x_wconf 87' lang='lat' dir='ltr'><strong>optimatibus</strong></span> <span class='ocrx_word' id='word_1_168' title='bbox 334 2439 449 2522; x_wconf 92' lang='lat' dir='ltr'><strong>populi</strong></span> <span class='ocrx_word' id='word_1_169' title='bbox 470 2439 570 2499; x_wconf 80' lang='lat' dir='ltr'><strong>nostri</strong></span> <span class='ocrx_word' id='word_1_170' title='bbox 589 2439 764 2521; x_wconf 89' lang='lat' dir='ltr'><strong>impensius</strong></span> <span class='ocrx_word' id='word_1_171' title='bbox 781 2439 821 2500; x_wconf 89' lang='lat' dir='ltr'><strong>de</strong></span> <span class='ocrx_word' id='word_1_172' title='bbox 839 2460 950 2500; x_wconf 84' lang='lat' dir='ltr'><strong>caussa</strong></span> <span class='ocrx_word' id='word_1_173' title='bbox 968 2447 1151 2500; x_wconf 37' lang='lat' dir='ltr'><strong>tractantes*</strong></span> <span class='ocrx_word' id='word_1_174' title='bbox 1164 2437 1224 2499; x_wconf 91' lang='lat' dir='ltr'><strong>ad-</strong></span> 
     </span>
     <span class='ocr_line' id='line_1_25' title="bbox 110 2518 1228 2604; baseline -0.003 -19"><span class='ocrx_word' id='word_1_175' title='bbox 110 2523 286 2600; x_wconf 81' lang='lat' dir='ltr'><strong>vertimus,</strong></span> <span class='ocrx_word' id='word_1_176' title='bbox 315 2523 456 2604; x_wconf 85' lang='lat' dir='ltr'><strong>speciem</strong></span> <span class='ocrx_word' id='word_1_177' title='bbox 474 2521 658 2604; x_wconf 89' lang='lat' dir='ltr'><strong>praedictae</strong></span> <span class='ocrx_word' id='word_1_178' title='bbox 681 2521 762 2604; x_wconf 82' lang='lat' dir='ltr'><strong>legis</strong></span> <span class='ocrx_word' id='word_1_179' title='bbox 785 2543 849 2582; x_wconf 93' lang='lat' dir='ltr'><strong>non</strong></span> <span class='ocrx_word' id='word_1_180' title='bbox 871 2522 979 2582; x_wconf 88' lang='lat' dir='ltr'><strong>minus</strong></span> <span class='ocrx_word' id='word_1_181' title='bbox 1000 2518 1165 2604; x_wconf 86' lang='lat' dir='ltr'><strong>dispendii</strong></span> <span class='ocrx_word' id='word_1_182' title='bbox 1188 2541 1228 2582; x_wconf 82' lang='lat' dir='ltr'><strong>ao</strong></span> 
     </span>
     <span class='ocr_line' id='line_1_26' title="bbox 111 2603 1227 2688; baseline -0.006 -20"><span class='ocrx_word' id='word_1_183' title='bbox 111 2606 210 2688; x_wconf 82' lang='lat' dir='ltr'><strong>litigii</strong></span> <span class='ocrx_word' id='word_1_184' title='bbox 233 2606 481 2668; x_wconf 88' lang='lat' dir='ltr'><strong>succedentibus</strong></span> <span class='ocrx_word' id='word_1_185' title='bbox 503 2612 535 2680; x_wconf 83' lang='lat' dir='ltr'><strong>s)</strong></span> <span class='ocrx_word' id='word_1_186' title='bbox 562 2603 728 2683; x_wconf 81' lang='lat' dir='ltr'><strong>exhibere,</strong></span> <span class='ocrx_word' id='word_1_187' title='bbox 749 2626 846 2687; x_wconf 87' lang='lat' dir='ltr'><strong>quam</strong></span> <span class='ocrx_word' id='word_1_188' title='bbox 874 2603 1052 2680; x_wconf 88' lang='lat' dir='ltr'><strong>commodi,</strong></span> <span class='ocrx_word' id='word_1_189' title='bbox 1076 2605 1157 2665; x_wconf 90' lang='lat' dir='ltr'><strong>dum·</strong></span> <span class='ocrx_word' id='word_1_190' title='bbox 1176 2603 1227 2662; x_wconf 80' lang='lat' dir='ltr'><strong>in-</strong></span> 
     </span>
     <span class='ocr_line' id='line_1_27' title="bbox 110 2687 1227 2768; baseline -0.001 -19"><span class='ocrx_word' id='word_1_191' title='bbox 110 2699 162 2750; x_wconf 89' lang='lat' dir='ltr'><strong>ter</strong></span> <span class='ocrx_word' id='word_1_192' title='bbox 188 2709 221 2748; x_wconf 91' lang='lat' dir='ltr'><strong>se</strong></span> <span class='ocrx_word' id='word_1_193' title='bbox 245 2688 374 2750; x_wconf 83' lang='lat' dir='ltr'><strong>diverso</strong></span> <span class='ocrx_word' id='word_1_194' title='bbox 391 2687 575 2750; x_wconf 89' lang='lat' dir='ltr'><strong>ambitionis</strong></span> <span class='ocrx_word' id='word_1_195' title='bbox 600 2687 670 2749; x_wconf 89' lang='lat' dir='ltr'><strong>iure</strong></span> <span class='ocrx_word' id='word_1_196' title='bbox 693 2687 910 2752; x_wconf 82' lang='lat' dir='ltr'><strong>dissentiunt:</strong></span> <span class='ocrx_word' id='word_1_197' title='bbox 931 2707 1069 2768; x_wconf 87' lang='lat' dir='ltr'><strong>quorum</strong></span> <span class='ocrx_word' id='word_1_198' title='bbox 1086 2687 1227 2748; x_wconf 81' lang='lat' dir='ltr'><strong>alterurn</strong></span> 
     </span>
     <span class='ocr_line' id='line_1_28' title="bbox 111 2768 1226 2852; baseline -0.003 -21"><span class='ocrx_word' id='word_1_199' title='bbox 111 2771 243 2831; x_wconf 89' lang='lat' dir='ltr'><strong>tarditas</strong></span> <span class='ocrx_word' id='word_1_200' title='bbox 276 2771 443 2834; x_wconf 89' lang='lat' dir='ltr'><strong>adeundae</strong></span> <span class='ocrx_word' id='word_1_201' title='bbox 471 2770 660 2832; x_wconf 89' lang='lat' dir='ltr'><strong>hereditatis</strong></span> <span class='ocrx_word' id='word_1_202' title='bbox 688 2770 842 2850; x_wconf 86' lang='lat' dir='ltr'><strong>offendit,</strong></span> <span class='ocrx_word' id='word_1_203' title='bbox 880 2771 1018 2832; x_wconf 89' lang='lat' dir='ltr'><strong>alterum</strong></span> <span class='ocrx_word' id='word_1_204' title='bbox 1047 2768 1226 2852; x_wconf 81' lang='lat' dir='ltr'><strong>proprietas</strong></span> 
     </span>
     <span class='ocr_line' id='line_1_29' title="bbox 114 2850 1225 2936; baseline -0.003 -24"><span class='ocrx_word' id='word_1_205' title='bbox 114 2853 225 2912; x_wconf 89' lang='lat' dir='ltr'><strong>amissa</strong></span> <span class='ocrx_word' id='word_1_206' title='bbox 245 2853 425 2920; x_wconf 84' lang='lat' dir='ltr'><strong>conturbat,</strong></span> <span class='ocrx_word' id='word_1_207' title='bbox 466 2855 611 2936; x_wconf 87' lang='lat' dir='ltr'><strong>Ideoque</strong></span> <span class='ocrx_word' id='word_1_208' title='bbox 632 2854 753 2916; x_wconf 87' lang='lat' dir='ltr'><strong>rectius</strong></span> <span class='ocrx_word' id='word_1_209' title='bbox 781 2853 887 2917; x_wconf 79' lang='lat' dir='ltr'><strong>visum</strong></span> <span class='ocrx_word' id='word_1_210' title='bbox 914 2863 974 2930; x_wconf 89' lang='lat' dir='ltr'><strong>est,</strong></span> <span class='ocrx_word' id='word_1_211' title='bbox 995 2863 1031 2914; x_wconf 91' lang='lat' dir='ltr'><strong>ut</strong></span> <span class='ocrx_word' id='word_1_212' title='bbox 1057 2851 1117 2914; x_wconf 89' lang='lat' dir='ltr'><strong>sub</strong></span> <span class='ocrx_word' id='word_1_213' title='bbox 1137 2850 1225 2911; x_wconf 77' lang='lat' dir='ltr'><strong>eius-</strong></span> 
     </span>
     <span class='ocr_line' id='line_1_30' title="bbox 114 2934 1229 3020; baseline -0.002 -24"><span class='ocrx_word' id='word_1_214' title='bbox 114 2934 202 2996; x_wconf 89' lang='lat' dir='ltr'><strong>modi</strong></span> <span class='ocrx_word' id='word_1_215' title='bbox 222 2943 477 3016; x_wconf 86' lang='lat' dir='ltr'><strong>temperamento</strong></span> <span class='ocrx_word' id='word_1_216' title='bbox 501 2938 664 3020; x_wconf 83' lang='lat' dir='ltr'><strong>praefatae</strong></span> <span class='ocrx_word' id='word_1_217' title='bbox 688 2937 893 3000; x_wconf 89' lang='lat' dir='ltr'><strong>conditionis.</strong></span> <span class='ocrx_word' id='word_1_218' title='bbox 912 2935 1083 2997; x_wconf 81' lang='lat' dir='ltr'><strong>vinculum</strong></span> <span class='ocrx_word' id='word_1_219' title='bbox 1102 2935 1229 2994; x_wconf 74' lang='lat' dir='ltr'><strong>lauare-</strong></span> 
     </span>
     <span class='ocr_line' id='line_1_31' title="bbox 114 3018 1230 3104; baseline 0.003 -27"><span class='ocrx_word' id='word_1_220' title='bbox 114 3026 178 3094; x_wconf 91' lang='lat' dir='ltr'><strong>tur,</strong></span> <span class='ocrx_word' id='word_1_221' title='bbox 200 3037 266 3098; x_wconf 90' lang='lat' dir='ltr'><strong>quo</strong></span> <span class='ocrx_word' id='word_1_222' title='bbox 289 3038 355 3076; x_wconf 91' lang='lat' dir='ltr'><strong>non</strong></span> <span class='ocrx_word' id='word_1_223' title='bbox 379 3039 506 3080; x_wconf 83' lang='lat' dir='ltr'><strong>servare</strong></span> <span class='ocrx_word' id='word_1_224' title='bbox 533 3019 701 3102; x_wconf 82' lang='lat' dir='ltr'><strong>negotium</strong></span> <span class='ocrx_word' id='word_1_225' title='bbox 720 3020 854 3104; x_wconf 88' lang='lat' dir='ltr'><strong>placuit,</strong></span> <span class='ocrx_word' id='word_1_226' title='bbox 876 3019 933 3081; x_wconf 90' lang='lat' dir='ltr'><strong>sed</strong></span> <span class='ocrx_word' id='word_1_227' title='bbox 953 3019 1045 3079; x_wconf 85' lang='lat' dir='ltr'><strong>finire</strong></span> <span class='ocrx_word' id='word_1_228' title='bbox 1068 3026 1110 3092; x_wconf 82' lang='lat' dir='ltr'><strong>t).</strong></span> <span class='ocrx_word' id='word_1_229' title='bbox 1152 3018 1230 3093; x_wconf 69' lang='lat' dir='ltr'><strong>Qua</strong></span> 
     </span>
     <span class='ocr_line' id='line_1_32' title="bbox 116 3099 1228 3177; baseline -0.001 -17"><span class='ocrx_word' id='word_1_230' title='bbox 116 3100 154 3160; x_wconf 88' lang='lat' dir='ltr'><strong>de</strong></span> <span class='ocrx_word' id='word_1_231' title='bbox 174 3120 209 3159; x_wconf 92' lang='lat' dir='ltr'><strong>re</strong></span> <span class='ocrx_word' id='word_1_232' title='bbox 230 3099 388 3177; x_wconf 87' lang='lat' dir='ltr'><strong>iubemus,</strong></span> <span class='ocrx_word' id='word_1_233' title='bbox 411 3101 495 3162; x_wconf 89' lang='lat' dir='ltr'><strong>sicut</strong></span> <span class='ocrx_word' id='word_1_234' title='bbox 514 3102 577 3162; x_wconf 87' lang='lat' dir='ltr'><strong>iam</strong></span> <span class='ocrx_word' id='word_1_235' title='bbox 594 3103 709 3165; x_wconf 85' lang='lat' dir='ltr'><strong>similis</strong></span> <span class='ocrx_word' id='word_1_236' title='bbox 728 3125 837 3164; x_wconf 83' lang='lat' dir='ltr'><strong>caussa</strong></span> <span class='ocrx_word' id='word_1_237' title='bbox 861 3111 974 3172; x_wconf 85' lang='lat' dir='ltr'><strong>nostro</strong></span> <span class='ocrx_word' id='word_1_238' title='bbox 996 3111 1044 3162; x_wconf 91' lang='lat' dir='ltr'><strong>est</strong></span> <span class='ocrx_word' id='word_1_239' title='bbox 1066 3099 1228 3163; x_wconf 77' lang='lat' dir='ltr'><strong>conclusa·</strong></span> 
     </span>
     <span class='ocr_line' id='line_1_33' title="bbox 115 3181 1230 3265; baseline 0.002 -23"><span class='ocrx_word' id='word_1_240' title='bbox 115 3181 247 3260; x_wconf 89' lang='lat' dir='ltr'><strong>iudicio,</strong></span> <span class='ocrx_word' id='word_1_241' title='bbox 276 3183 427 3265; x_wconf 86' lang='lat' dir='ltr'><strong>quotiens</strong></span> <span class='ocrx_word' id='word_1_242' title='bbox 447 3183 481 3244; x_wconf 90' lang='lat' dir='ltr'><strong>iu</strong></span> <span class='ocrx_word' id='word_1_243' title='bbox 507 3183 596 3246; x_wconf 90' lang='lat' dir='ltr'><strong>hunc</strong></span> <span class='ocrx_word' id='word_1_244' title='bbox 621 3207 730 3247; x_wconf 89' lang='lat' dir='ltr'><strong>casum</strong></span> <span class='ocrx_word' id='word_1_245' title='bbox 753 3185 1073 3248; x_wconf 77' lang='lat' dir='ltr'><strong>contrariafatorum</strong></span> <span class='ocrx_word' id='word_1_246' title='bbox 1096 3184 1230 3246; x_wconf 69' lang='lat' dir='ltr'><strong>decretu</strong></span> 
     </span>
     <span class='ocr_line' id='line_1_34' title="bbox 114 3266 1228 3350; baseline -0.001 -23"><span class='ocrx_word' id='word_1_247' title='bbox 114 3274 296 3342; x_wconf 83' lang='lat' dir='ltr'><strong>vertuntur,</strong></span> <span class='ocrx_word' id='word_1_248' title='bbox 320 3266 476 3328; x_wconf 90' lang='lat' dir='ltr'><strong>contiuuo</strong></span> <span class='ocrx_word' id='word_1_249' title='bbox 497 3266 584 3328; x_wconf 89' lang='lat' dir='ltr'><strong>inter</strong></span> <span class='ocrx_word' id='word_1_250' title='bbox 607 3279 741 3330; x_wconf 91' lang='lat' dir='ltr'><strong>matrem</strong></span> <span class='ocrx_word' id='word_1_251' title='bbox 762 3268 909 3330; x_wconf 87' lang='lat' dir='ltr'><strong>defuncti</strong></span> <span class='ocrx_word' id='word_1_252' title='bbox 931 3267 1049 3350; x_wconf 89' lang='lat' dir='ltr'><strong>pueri,</strong></span> <span class='ocrx_word' id='word_1_253' title='bbox 1077 3266 1228 3328; x_wconf 83' lang='lat' dir='ltr'><strong>litamen</strong></span> 
     </span>
     <span class='ocr_line' id='line_1_35' title="bbox 114 3346 1233 3435; baseline 0.002 -27"><span class='ocrx_word' id='word_1_254' title='bbox 114 3346 223 3431; x_wconf 89' lang='lat' dir='ltr'><strong>puella</strong></span> <span class='ocrx_word' id='word_1_255' title='bbox 248 3348 409 3426; x_wconf 84' lang='lat' dir='ltr'><strong>defuerit,</strong></span> <span class='ocrx_word' id='word_1_256' title='bbox 435 3358 467 3410; x_wconf 92' lang='lat' dir='ltr'><strong>et</strong></span> <span class='ocrx_word' id='word_1_257' title='bbox 488 3349 688 3432; x_wconf 70' lang='lat' dir='ltr'><strong>propinquos</strong></span> <span class='ocrx_word' id='word_1_258' title='bbox 710 3373 850 3435; x_wconf 89' lang='lat' dir='ltr'><strong>quorum</strong></span> <span class='ocrx_word' id='word_1_259' title='bbox 867 3373 964 3434; x_wconf 88' lang='lat' dir='ltr'><strong>supra</strong></span> <span class='ocrx_word' id='word_1_260' title='bbox 982 3350 1119 3422; x_wconf 85' lang='lat' dir='ltr'><strong>fecimus</strong></span> <span class='ocrx_word' id='word_1_261' title='bbox 1139 3369 1233 3416; x_wconf 74' lang='lat' dir='ltr'><strong>muu-</strong></span> 
     </span>
     <span class='ocr_line' id='line_1_36' title="bbox 110 3430 1233 3515; baseline 0.002 -25"><span class='ocrx_word' id='word_1_262' title='bbox 110 3432 247 3508; x_wconf 86' lang='lat' dir='ltr'><strong>tionem,</strong></span> <span class='ocrx_word' id='word_1_263' title='bbox 268 3430 402 3492; x_wconf 88' lang='lat' dir='ltr'><strong>relictae</strong></span> <span class='ocrx_word' id='word_1_264' title='bbox 422 3431 582 3494; x_wconf 87' lang='lat' dir='ltr'><strong>facultatis</strong></span> <span class='ocrx_word' id='word_1_265' title='bbox 604 3434 722 3497; x_wconf 84' lang='lat' dir='ltr'><strong>divisio</strong></span> <span class='ocrx_word' id='word_1_266' title='bbox 748 3456 853 3515; x_wconf 88' lang='lat' dir='ltr'><strong>aequo</strong></span> <span class='ocrx_word' id='word_1_267' title='bbox 878 3435 949 3496; x_wconf 87' lang='lat' dir='ltr'><strong>iure</strong></span> <span class='ocrx_word' id='word_1_268' title='bbox 972 3442 1004 3494; x_wconf 88' lang='lat' dir='ltr'><strong>et</strong></span> <span class='ocrx_word' id='word_1_269' title='bbox 1029 3434 1144 3495; x_wconf 88' lang='lat' dir='ltr'><strong>ordine</strong></span> <span class='ocrx_word' id='word_1_270' title='bbox 1167 3452 1233 3492; x_wconf 47' lang='lat' dir='ltr'><strong>¹otu*a</strong></span> 
     </span>
     <span class='ocr_line' id='line_1_37' title="bbox 113 3512 1226 3598; baseline -0.001 -24"><span class='ocrx_word' id='word_1_271' title='bbox 113 3513 269 3591; x_wconf 83' lang='lat' dir='ltr'><strong>lebretur,</strong></span> <span class='ocrx_word' id='word_1_272' title='bbox 292 3513 336 3574; x_wconf 91' lang='lat' dir='ltr'><strong>ita</strong></span> <span class='ocrx_word' id='word_1_273' title='bbox 358 3524 394 3576; x_wconf 93' lang='lat' dir='ltr'><strong>ut</strong></span> <span class='ocrx_word' id='word_1_274' title='bbox 418 3515 708 3597; x_wconf 86' lang='lat' dir='ltr'><strong>unusquisquede</strong></span> <span class='ocrx_word' id='word_1_275' title='bbox 725 3519 898 3579; x_wconf 85' lang='lat' dir='ltr'><strong>medietate</strong></span> <span class='ocrx_word' id='word_1_276' title='bbox 912 3525 1064 3598; x_wconf 87' lang='lat' dir='ltr'><strong>percepta</strong></span> <span class='ocrx_word' id='word_1_277' title='bbox 1080 3512 1226 3578; x_wconf 82' lang='lat' dir='ltr'><strong>faciendi</strong></span> 
     </span>
     <span class='ocr_line' id='line_1_38' title="bbox 115 3597 1230 3684; baseline -0.002 -26"><span class='ocrx_word' id='word_1_278' title='bbox 115 3598 202 3678; x_wconf 91' lang='lat' dir='ltr'><strong>quod</strong></span> <span class='ocrx_word' id='word_1_279' title='bbox 225 3597 366 3658; x_wconf 86' lang='lat' dir='ltr'><strong>voluerit</strong></span> <span class='ocrx_word' id='word_1_280' title='bbox 386 3598 516 3682; x_wconf 81' lang='lat' dir='ltr'><strong>exlege</strong></span> <span class='ocrx_word' id='word_1_281' title='bbox 538 3598 654 3662; x_wconf 88' lang='lat' dir='ltr'><strong>habent</strong></span> <span class='ocrx_word' id='word_1_282' title='bbox 670 3608 867 3684; x_wconf 86' lang='lat' dir='ltr'><strong>potestatem.</strong></span> <span class='ocrx_word' id='word_1_283' title='bbox 909 3600 1097 3662; x_wconf 84' lang='lat' dir='ltr'><strong>Consultins</strong></span> <span class='ocrx_word' id='word_1_284' title='bbox 1113 3615 1230 3678; x_wconf 87' lang='lat' dir='ltr'><strong>nempe</strong></span> 
     </span>
     <span class='ocr_line' id='line_1_39' title="bbox 117 3680 1229 3768; baseline 0.003 -29"><span class='ocrx_word' id='word_1_285' title='bbox 117 3680 306 3742; x_wconf 87' lang='lat' dir='ltr'><strong>utilitatibus</strong></span> <span class='ocrx_word' id='word_1_286' title='bbox 329 3681 470 3763; x_wconf 89' lang='lat' dir='ltr'><strong>partium</strong></span> <span class='ocrx_word' id='word_1_287' title='bbox 495 3702 624 3744; x_wconf 89' lang='lat' dir='ltr'><strong>caussae</strong></span> <span class='ocrx_word' id='word_1_288' title='bbox 645 3684 784 3768; x_wconf 78' lang='lat' dir='ltr'><strong>vestigio</strong></span> <span class='ocrx_word' id='word_1_289' title='bbox 803 3683 1019 3746; x_wconf 85' lang='lat' dir='ltr'><strong>terminantur</strong></span> <span class='ocrx_word' id='word_1_290' title='bbox 1050 3691 1106 3763; x_wconf 88' lang='lat' dir='ltr'><strong>u),</strong></span> <span class='ocrx_word' id='word_1_291' title='bbox 1129 3698 1229 3764; x_wconf 79' lang='lat' dir='ltr'><strong>quam</strong></span> 
     </span>
     <span class='ocr_line' id='line_1_40' title="bbox 81 3764 707 3850; baseline 0.006 -28"><span class='ocrx_word' id='word_1_292' title='bbox 81 3836 84 3840; x_wconf 16' lang='lat' dir='ltr'><em>r</em></span> <span class='ocrx_word' id='word_1_293' title='bbox 117 3764 312 3845; x_wconf 85' lang='lat' dir='ltr'><strong>temporibus</strong></span> <span class='ocrx_word' id='word_1_294' title='bbox 333 3786 505 3848; x_wconf 89' lang='lat' dir='ltr'><strong>suspensae</strong></span> <span class='ocrx_word' id='word_1_295' title='bbox 520 3767 707 3850; x_wconf 81' lang='lat' dir='ltr'><strong>proficiunt.</strong></span> 
     </span>
    </p>
   </div>
   <div class='ocr_carea' id='block_1_9' title="bbox 118 4003 1231 4294">
    <p class='ocr_par' dir='ltr' id='par_1_9' title="bbox 118 4003 1231 4294">
     <span class='ocr_line' id='line_1_41' title="bbox 184 4003 1231 4084; baseline 0.007 -25"><span class='ocrx_word' id='word_1_296' title='bbox 184 4003 213 4076; x_wconf 91' lang='lat' dir='ltr'><strong>o)</strong></span> <span class='ocrx_word' id='word_1_297' title='bbox 230 4007 268 4059; x_wconf 80' lang='lat' dir='ltr'><strong>al</strong></span> <span class='ocrx_word' id='word_1_298' title='bbox 285 4023 346 4060; x_wconf 82' lang='lat' dir='ltr'><strong>mas.</strong></span> <span class='ocrx_word' id='word_1_299' title='bbox 362 4008 575 4078; x_wconf 80' lang='lat' dir='ltr'><strong>praeiudicium.</strong></span> <span class='ocrx_word' id='word_1_300' title='bbox 645 4011 676 4082; x_wconf 87' lang='lat' dir='ltr'><strong>p)</strong></span> <span class='ocrx_word' id='word_1_301' title='bbox 693 4011 737 4066; x_wconf 89' lang='lat' dir='ltr'><strong>AL</strong></span> <span class='ocrx_word' id='word_1_302' title='bbox 765 4029 813 4066; x_wconf 79' lang='lat' dir='ltr'><strong>mr.</strong></span> <span class='ocrx_word' id='word_1_303' title='bbox 837 4011 1001 4066; x_wconf 80' lang='lat' dir='ltr'><strong>civilitatis..</strong></span> <span class='ocrx_word' id='word_1_304' title='bbox 1060 4015 1095 4084; x_wconf 82' lang='lat' dir='ltr'><strong>q)</strong></span> <span class='ocrx_word' id='word_1_305' title='bbox 1111 4010 1156 4064; x_wconf 84' lang='lat' dir='ltr'><strong>Al.</strong></span> <span class='ocrx_word' id='word_1_306' title='bbox 1180 4027 1231 4067; x_wconf 85' lang='lat' dir='ltr'><strong>ms.</strong></span> 
     </span>
     <span class='ocr_line' id='line_1_42' title="bbox 119 4077 1231 4154; baseline 0.006 -26"><span class='ocrx_word' id='word_1_307' title='bbox 119 4087 165 4128; x_wconf 84' lang='lat' dir='ltr'><strong>aut</strong></span> <span class='ocrx_word' id='word_1_308' title='bbox 183 4079 210 4128; x_wconf 80' lang='lat' dir='ltr'><strong>si</strong></span> <span class='ocrx_word' id='word_1_309' title='bbox 224 4089 322 4132; x_wconf 77' lang='lat' dir='ltr'><strong>trater.</strong></span> <span class='ocrx_word' id='word_1_310' title='bbox 394 4081 421 4148; x_wconf 87' lang='lat' dir='ltr'><strong>r)</strong></span> <span class='ocrx_word' id='word_1_311' title='bbox 438 4081 479 4132; x_wconf 77' lang='lat' dir='ltr'><strong>tl.</strong></span> <span class='ocrx_word' id='word_1_312' title='bbox 498 4097 558 4134; x_wconf 83' lang='lat' dir='ltr'><strong>mss.</strong></span> <span class='ocrx_word' id='word_1_313' title='bbox 576 4083 731 4152; x_wconf 78' lang='lat' dir='ltr'><strong>superfluis.</strong></span> <span class='ocrx_word' id='word_1_314' title='bbox 802 4084 827 4154; x_wconf 81' lang='lat' dir='ltr'><strong>s)</strong></span> <span class='ocrx_word' id='word_1_315' title='bbox 844 4083 892 4142; x_wconf 84' lang='lat' dir='ltr'><strong>Al.</strong></span> <span class='ocrx_word' id='word_1_316' title='bbox 910 4077 1048 4152; x_wconf 80' lang='lat' dir='ltr'><strong>dispendii</strong></span> <span class='ocrx_word' id='word_1_317' title='bbox 1065 4082 1166 4152; x_wconf 76' lang='lat' dir='ltr'><strong>litigiis</strong></span> <span class='ocrx_word' id='word_1_318' title='bbox 1182 4101 1231 4135; x_wconf 86' lang='lat' dir='ltr'><strong>ac·</strong></span> 
     </span>
     <span class='ocr_line' id='line_1_43' title="bbox 119 4145 1231 4230; baseline 0.007 -32"><span class='ocrx_word' id='word_1_319' title='bbox 119 4145 282 4230; x_wconf 72' lang='lat' dir='ltr'><strong>cedentibus.</strong></span> <span class='ocrx_word' id='word_1_320' title='bbox 336 4149 359 4219; x_wconf 87' lang='lat' dir='ltr'><strong>t)</strong></span> <span class='ocrx_word' id='word_1_321' title='bbox 376 4149 421 4205; x_wconf 86' lang='lat' dir='ltr'><strong>Al.</strong></span> <span class='ocrx_word' id='word_1_322' title='bbox 440 4153 548 4205; x_wconf 77' lang='lat' dir='ltr'><strong>seruari</strong></span> <span class='ocrx_word' id='word_1_323' title='bbox 567 4179 596 4190; x_wconf 89' lang='lat'><strong>-</strong></span> <span class='ocrx_word' id='word_1_324' title='bbox 621 4152 715 4224; x_wconf 83' lang='lat' dir='ltr'><strong>finiri.</strong></span> <span class='ocrx_word' id='word_1_325' title='bbox 782 4153 813 4224; x_wconf 90' lang='lat' dir='ltr'><strong>u)</strong></span> <span class='ocrx_word' id='word_1_326' title='bbox 831 4153 875 4209; x_wconf 87' lang='lat' dir='ltr'><strong>Al.</strong></span> <span class='ocrx_word' id='word_1_327' title='bbox 902 4171 962 4216; x_wconf 86' lang='lat' dir='ltr'><strong>mss.</strong></span> <span class='ocrx_word' id='word_1_328' title='bbox 988 4153 1155 4206; x_wconf 75' lang='lat' dir='ltr'><strong>utilitatibus</strong></span> <span class='ocrx_word' id='word_1_329' title='bbox 1179 4170 1231 4224; x_wconf 68' lang='lat' dir='ltr'><strong>pa-</strong></span> 
     </span>
     <span class='ocr_line' id='line_1_44' title="bbox 118 4221 659 4294; baseline 0.011 -25"><span class='ocrx_word' id='word_1_330' title='bbox 118 4229 187 4273; x_wconf 79' lang='lat' dir='ltr'><strong>ruae</strong></span> <span class='ocrx_word' id='word_1_331' title='bbox 205 4236 322 4275; x_wconf 77' lang='lat' dir='ltr'><strong>caussae</strong></span> <span class='ocrx_word' id='word_1_332' title='bbox 338 4221 479 4294; x_wconf 74' lang='lat' dir='ltr'><strong>vestigium</strong></span> <span class='ocrx_word' id='word_1_333' title='bbox 498 4223 659 4278; x_wconf 83' lang='lat' dir='ltr'><strong>terminatis.</strong></span> 
     </span>
    </p>
   </div>
   <div class='ocr_carea' id='block_1_10' title="bbox 0 0 1472 5020">
    <p class='ocr_par' dir='ltr' id='par_1_10' title="bbox 0 0 1472 5020">
     <span class='ocr_line' id='line_1_45' title="bbox 0 0 1472 5020; baseline 0 0"><span class='ocrx_word' id='word_1_334' title='bbox 0 0 1472 5020; x_wconf 95' lang='lat' dir='ltr'><strong> </strong></span> 
     </span>
    </p>
   </div>
  </div>
 </body>
</html>
