2900 5020
450 282 617 354 micruu
635 297 862 354 rurensium
881 296 986 352 nrors
1201 276 1297 351 409»

246 439 352 504 CVII.
394 438 460 517 Qui
489 446 601 500 auctor
628 429 799 501 seditionis
834 437 888 501 vel
922 437 956 498 in
991 437 1133 521 populo,
1165 436 1219 500 vel
1244 437 1276 497 in

164 528 311 592 exercitu
339 524 458 599 fuerit,
493 521 648 582 incendIo
682 531 915 583 concremetur.

249 607 369 671 CVIII.
411 605 444 664 Si
475 605 546 685 quis
572 627 697 687 pagano
732 605 795 662 ritu
826 603 1003 665 sacrificare
1030 603 1130 662 fuerit
1161 601 1297 684 depre-'

111 739 114 746 ,
162 694 306 768 hensus,
354 687 447 747 arioli
472 686 569 748 etiam
595 699 693 769 atque
718 686 891 762 umbrarii,
928 686 954 746 si
980 685 1101 766 reperti
1137 686 1281 760 fuerint,

163 777 223 838 sub
245 775 326 849 iusta
350 770 568 832 aestimatione
592 769 748 848 convicti,
770 769 873 850 capite
895 768 1091 849 puniantur;
1123 767 1280 827 malarum

135 894 139 898 ·
166 858 283 918 artium
305 853 443 929 conscii,
471 852 504 912 id
529 862 576 912 est
591 852 745 928 malefici,
770 849 881 912 nudati
896 851 992 910 rebus
1011 849 1176 927 omnibus,
1200 870 1279 930 quas

163 941 283 1000 babere
305 943 457 1018 possunt,
479 933 606 996 honesti
637 942 794 1018 perpetuo
810 935 1003 994 damnantur
1023 932 1141 1004 exili03
1171 931 1280 992 bmni-

164 1023 263 1083 liores
289 1019 392 1102 eapite
419 1017 579 1100 puniendi
604 1027 688 1079 sunt.

248 1101 337 1167 CIX.
380 1100 414 1161 Si
443 1119 553 1161 servus
574 1104 629 1158 atat
653 1099 788 1161 colonus
817 1096 947 1158 domino
967 1097 1132 1158 nesciente
1154 1096 1279 1158 violen-

164 1197 215 1248 ter
244 1185 351 1264 aliqua
375 1181 500 1263 rapiat,
544 1180 693 1242 dominus
715 1181 784 1241 eius
810 1179 894 1248 intra
923 1201 1045 1242 annum
1077 1179 1110 1238 in
1139 1182 1281 1260 quadru-

164 1271 255 1352 plum
274 1274 346 1349 post
366 1285 487 1323 aunum
514 1263 548 1322 in
568 1263 720 1344 simplum
744 1261 965 1326 convenietur.
1007 1262 1073 1322 Aut
1100 1284 1157 1344 pro
1183 1263 1280 1322 noxia

80 1344 109 1362 ”
165 1360 271 1425 certe,
299 1348 325 1408 si
353 1347 415 1406 boe
444 1346 542 1426 magis
570 1346 726 1428 elegerit,
757 1346 860 1426 ipsum
889 1345 1102 1405 servumvel
1126 1345 1279 1404 colonum

165 1424 295 1494 noverit
321 1429 361 1490 ad
381 1449 518 1511 poenam
542 1427 643 1489 iudici
670 1426 943 1490 contradendumt
974 1427 1016 1487 ita
1046 1436 1100 1503 ut,
1129 1427 1217 1508 quod
1240 1425 1280 1487 ad

165 1537 240 1578 eum
267 1534 307 1573 ex
328 1512 395 1593 ipsa
422 1511 508 1573 servi
534 1510 691 1572 violentia
721 1508 906 1590 pervenisse
930 1509 1132 1580 constiterit,
1156 1509 1279 1576 reddat.

164 1597 207 1659 At
231 1595 257 1657 si
282 1603 461 1654 conventus
480 1614 553 1652 eum
570 1594 690 1675 fugisse
711 1591 848 1669 dixerit,
871 1591 1097 1653 executionem
1113 1590 1183 1652 eius
1199 1612 1280 1653 con-

166 1677 318 1762 querenti
341 1675 465 1737 dedisse
493 1675 637 1741 snfficiat.
1101 1749 1104 1756 ι

248 1761 313 1820 CX.
355 1758 421 1836 Qui
443 1757 653 1840 sepulchrum
675 1756 893 1836 destruxerit,
917 1755 1092 1820 occidatur.

250 1866 332 1933 CXI.
374 1865 443 1941 Qui
478 1864 564 1925 intra
599 1866 712 1926 urbem
741 1867 874 1926 Romam
902 1866 1061 1926 'cadavera
1094 1863 1279 1949 sepelierit,

166 1960 311 2032 quartam
342 1958 466 2030 partem
491 1948 677 2028 patrimonii
696 1947 744 2010 sui
767 1949 845 2023 fiseo
869 1949 991 2011 sociare
1016 1959 1169 2032 cogatur:
1192 1949 1218 2009 si
1233 1949 1282 2008 ni-

165 2034 214 2095 hil
236 2031 397 2107 habuerit,
421 2051 531 2091 caesus
551 2031 687 2093 fustibus
710 2031 838 2091 civitate
861 2032 1011 2111 pellatur.

249 2114 347 2176 CXII.
389 2114 619 2174 Damnatorum
636 2136 675 2175 ex
692 2113 891 2194 quibuslibet
905 2114 1093 2176 criminibus
1111 2115 1193 2175 bona
1208 2113 1284 2176 filiis

166 2196 307 2280 primum
337 2217 372 2256 ao
396 2196 603 2274 parentibus,
633 2196 684 2257 vel
710 2196 919 2278 propinquis,
949 2219 1051 2277 usque
1077 2199 1118 2258 ad
1151 2197 1283 2257 tertium

172 2280 306 2361 gradum
327 2277 521 2360 proficiant:
550 2277 685 2362 quodsi
713 2300 767 2340 eos
797 2300 862 2340 uon
893 2279 1085 2358 habuerint,
1112 2282 1188 2341 fisco
1212 2302 1281 2342 om·

101 2377 104 2385 “
171 2361 225 2422 nia
246 2362 420 2426 solvantur.
471 2413 473 2420 .

252 2444 369 2507 CXIII.
410 2443 444 2502 Si
472 2443 603 2507 curialis
637 2445 802 2507 damnatus
832 2443 916 2506 filios
945 2443 1144 2524 reliquerit,
1177 2455 1282 2517 totum

168 2527 256 2609 quod
279 2525 511 2610 dimisit,‚ipsi
534 2528 681 2609 capiant:
710 2529 736 2589 si
763 2547 828 2589 non
851 2527 1000 2588 habuerit
1024 2527 1129 2604 lilios,
1160 2529 1199 2589 aid
1222 2551 1282 2590 cu-

168 2611 248 2670 riam
270 2607 339 2686 eius
360 2609 553 2690 perveniant
577 2611 766 2681 facultates;
805 2620 937 2691 excepta
962 2631 1057 2672 cause
1086 2612 1283 2691 maiestatis-3

169 2691 202 2751 in
221 2713 285 2771 que
307 2692 453 2750 omnium
474 2692 697 2752 damnatorum
714 2693 797 2752 bona
821 2714 880 2754 nee
903 2693 943 2753 ad
964 2693 1057 2772 lilios,
1082 2694 1108 2754 si
1131 2694 1281 2772 habeant,
1381 2723 1386 2726 ·

169 2774 226 2835 sed
250 2773 412 2866 adtsolutn
435 2773 559 2853 fiscum,
587 2776 768 2837 secundum
788 2776 896 2858 legum
927 2785 1040 2854 cauta,
1071 2798 1203 2840 necesse
1236 2785 1284 2838 est

167 2876 370 3003 PeerrXIXs.
413 2937 448 3016 Si
475 2938 878 3019 addictosdamnatosque
907 2938 1037 3002 iudiciis
1076 2939 1187 3001 clerici
1226 2941 1282 3002 vel

168 3018 308 3099 quilibet
330 3019 385 3080 alii
408 3019 567 3081 violenter
588 3021 744 3098 eruerint,
766 3021 826 3103 ipsi
848 3021 888 3081 ad
909 3044 1056 3103 poenam,
1079 3025 1132 3085 rel
1157 3025 1197 3084 ad
1216 3024 1283 3084 dis-

168 3103 287 3182 pendia
310 3110 498 3180 teneantur,
530 3111 612 3185 qu'ae
638 3101 798 3164 sententia
823 3103 855 3162 in
881 3106 1045 3166 convictos
1073 3106 1196 3187 prolata
1218 3116 1284 3168 sta-

70 3231 71 3236 ,
168 3183 267 3244 tuisse
291 3185 538 3245 monstrabitur:
565 3196 597 3246 et
618 3187 644 3247 si
666 3186 872 3246 conniventia
902 3187 1016 3248 iudicis
1049 3187 1098 3249 vel
1125 3189 1281 3262 conludio

167 3264 230 3327 hoc
253 3267 407 3328 claruerit
437 3277 667 3350 perpetratum,
697 3269 844 3351 quinque
864 3270 935 3329 auri
957 3271 1053 3344 libras
1077 3271 1162 3332 idem
1184 3271 1283 3333 iudex

169 3359 302 3430 cogatur
323 3349 500 3410 exsolvere.

137 3457 140 3462 Δ
251 3430 351 3494 CXV.
394 3432 459 3508 Qui
479 3430 650 3514 pecuniam
671 3432 747 3493 fisco
769 3433 823 3495 vel
844 3419 984 3521 publicis
1004 3434 1184 3497 rationibus
1198 3459 1283 3498 com-

14 3487 15 3568 }
102 3518 109 3528 “
166 3521 333 3597 petentem
357 3513 487 3574 furandi
507 3515 614 3576 studio
631 3517 754 3593 tulerit,
777 3539 845 3578 eam
866 3518 979 3579 reddat
996 3517 1029 3577 iu
1054 3519 1284 3601 quadruplum.

250 3630 362 3693 CXVI.
405 3629 472 3707 Qui
492 3630 597 3692 sciens
619 3652 659 3691 ex
683 3631 804 3712 rapinis
831 3631 939 3714 aliqua
963 3634 980 3693 al
1002 3643 1149 3714 raptore,
1177 3636 1209 3697 id
1236 3646 1305 3697 est-

167 3733 186 3771 a
199 3711 272 3772 fure
295 3713 451 3774 servanda
465 3712 652 3795 susceperit,
662 3713 773 3774 eadem
795 3736 859 3797 qua
870 3726 979 3798 raptor
999 3737 1102 3798 poena
1125 3727 1283 3780 teneatur.

250 3820 379 3882 CXVII.
422 3820 540 3880 Servus
564 3818 590 3881 si
616 3821 740 3880 furtum
757 3821 884 3898 fecerit,
907 3822 959 3882 vel
978 3823 1129 3882 damnum
1145 3824 1299 3886 cuilibet·

167 3899 304 3977 dederit,
328 3899 390 3962 nisi
414 3901 483 3962 eius
500 3902 649 3963 dominus
668 3901 730 3963 h‘oc
751 3925 809 3984 pro
824 3905 873 3964 sui
894 3905 1048 3984 qualitate
1073 3907 1210 3967 reddere
1231 3909 1283 3969 vel

166 3982 436 4064 sarcireparatus
459 3985 520 4061 sit,
550 4007 653 4044 noxae
686 4007 759 4045 eum
785 3987 860 4046 dere
886 3987 1034 4068 cogitur:
1063 3991 1152 4068 quod
1186 3999 1217 4051 et
1242 3991 1283 4053 de

166 4065 357 4126 animalibus
378 4065 496 4145 faciet,
526 4067 552 4127 si
574 4067 672 4129 alicui
695 4067 809 4127 damna
834 4070 1071 4150 generaverint.

248 4147 407 4213 CXVIII.
449 4149 483 4209 Si
506 4159 640 4232 propter
665 4151 789 4211 furtum
813 4152 898 4212 servi
928 4153 1077 4213 dominus
1105 4165 1283 4219 conventus

165 4230 271 4292 furem
294 4232 400 4316 ipsum
422 4231 522 4316 magis
544 4233 687 4312 tradere,
709 4255 806 4316 quam
829 4234 1006 4296 defendere
1034 4256 1107 4298 eum
1135 4237 1169 4298 in
1194 4239 1281 4301 iudi-
