2826 4998
404 309 509 367 sacis
528 305 679 366 sameas
695 310 768 365 τιτ.
786 310 883 368 xxix.
1179 289 1227 364 41

105 474 230 532 naam,
249 458 416 536 'postquam
430 452 571 518 infantes
584 448 704 515 habore
731 449 908 532 ingenuam
930 453 1101 534 postquam
1118 451 1229 516 infan-

106 557 173 597 non
205 544 335 618 potest,
372 533 548 612 occiderit,
590 537 703 609 (nasa.
730 530 1230 614 tescoepitlsabcre‚occiderit

104 618 557 690 Le0d1·m·a)v1111v1.denar.
576 617 633 700 qui
653 620 701 678 fa·
730 615 850 679 XXIV.
866 614 940 680 den.
979 615 1012 674 ni
1032 617 1157 680 saclunt
1173 641 1228 681 so-

105 701 197 762 ciunt
214 701 276 770 sol.
293 703 356 766 CC.
372 699 544 783 culpabilis
561 699 660 766 iudic.
731 697 815 759 lidos
835 698 903 762 DC.
923 638 1009 780 cdlp.
1030 697 1096 766 iud.

144 787 246 849 VIII.
290 786 323 844 Si
345 783 706 866 quistbeminaminge7
773 777 867 844 VIII.
910 780 1031 876 Siquis
1053 783 1229 848 foeminam

104 888 226 944 nuam‚·
244 877 413 949 postquam
426 865 573 946 coeperit
591 864 702 924 infan-
727 870 769 942 g)
787 870 955 946 postquam
973 865 1113 928 infantes
1131 865 1230 932 habe-

102 961 149 1010 tes
191 950 335 1024 habene,
371 948 544 1025 occiderit,
587 954 701 1022 (nnnc.
720 963 765 1005 *re
791 967 857 1005 non
882 946 1036 1027 potuerit,
1057 949 1227 1031 occiderit,

102 1031 287 1105 Leodinia)
320 1031 502 1094 XXIIIIM.
539 1029 613 1094 den.
644 1029 701 1112 qni
729 1026 824 1092 VIII.
847 1027 921 1089 den.
946 1028 1003 1110 qui
1022 1031 1215 1097 faciuntsol

103 1115 234 1175 faciunt
255 1114 348 1177 solid.
369 1116 437 1180 DC.
463 1112 633 1197 culpabilis
654 1115 703 1174 iu·
730 1111 793 1174 CC.
817 1111 988 1195 culp.'iud.

104 1197 245 1264 dicetur.
635 1233 636 1240 .
965 1263 969 1274 ¹

141 1278 204 1344 IX.
247 1277 701 1362 Siquispuellamingcnnam
770 1273 832 1342 IX.
873 1276 1000 1360 Siquis
1029 1301 1110 1362 puer
1139 1281 1224 1344 insra

104 1371 140 1434 e)
158 1361 531 1440 occiderit,(sm1n.Ex
541 1360 701 1420 maloleo—
729 1357 903 1422 duodecim
942 1383 1044 1424 annos
1081 1365 1224 1447 aliquam

104 1445 152 1520 di)
177 1443 306 1509 VIIIM.
325 1445 401 1506 den.
422 1443 479 1526 qui
497 1443 623 1504 faciant
641 1441 701 1504 sol.
728 1443 857 1526 culpam
871 1444 1084 1524 commiserit,
1111 1448 1223 1511 fredus

104 1525 166 1594 CC.
189 1527 364 1610 culpabilis
382 1527 555 1591 iudicetur.
583 1541 603 1562 ·’
728 1524 760 1588 ci
783 1546 847 1586 non
868 1525 1062 1608 requiratur.

104 1681 194 1782 TIT.
224 1676 374 1750 XXIX.
430 1677 488 1748 Dc
511 1675 701 1748 adulteriis
730 1679 820 1748 ΤιΤ.
848 1677 1012 1752 XXVII.
1047 1681 1104 1751 De
1122 1679 1223 1750 adul-

285 1777 512 1848 ancillarum.
801 1780 904 1848 teriia
923 1781 1147 1850 ancillarum.

142 1909 167 1968 1.
210 1904 701 1989 Siquisingenuuscnmancil·
771 1908 794 1970 l.
836 1906 957 1990 Siquis
973 1908 1222 1993 ingenuuscum

103 1992 133 2053 la
144 1989 255 2050 aliena
266 1989 451 2050 moechatus
463 1990 581 2066 fuerit,
598 1992 700 2064 (nisa.
727 1991 833 2052 aliena
871 1992 989 2055 ancilla
1034 1991 1222 2054 moechatus

102 2073 271 2134 Anilasino
288 2071 331 2152 s)
358 2073 425 2135 DC.
451 2072 526 2138 den.
559 2072 615 2154 qui
649 2075 698 2130 sa·
725 2074 835 2148 fuerit,
854 2075 921 2140 DC.
935 2076 1010 2137 tien.
1024 2075 1081 2157 qui
1098 2075 1223 2138 saclunt
1271 2131 1277 2139 .

103 2157 194 2217 ciunt
230 2156 324 2220 solid.
349 2155 424 2220 XV.
448 2155 621 2238 culpabiIIs
644 2155 697 2214 iu·
726 2159 784 2224 sol.
799 2154 871 2219 XV.
888 2158 1060 2242 culpabilis
1082 2159 1149 2224 iud.

103 2239 242 2303 dicetur.
424 2291 426 2296 ,

142 2320 187 2383 ΙΙ.
234 2321 269 2382 Si
287 2341 367 2382 vero
386 2343 461 2382 cnm
478 2315 699 2400 ancillaregia
768 2318 813 2382 ll.
855 2322 1220 2407 Siquiaverocnmrc-

104 2403 290 2465 moechatus
303 2405 416 2483 fuerit,
438 2409 544 2482 (nana.
567 2403 698 2462 leenla·
727 2402 774 2484 gis
798 2405 916 2466 ancilla
940 2407 1125 2469 moechatus
1146 2409 1222 2467 fue-

104 2490 193 2560 sina)
217 2488 261 2550 M.
279 2488 344 2552 CC.
373 2488 448 2553 dcn.
478 2485 537 2569 qui
571 2485 697 2546 faciunt
725 2489 785 2564 rit,
810 2489 891 2552 ICC.
910 2489 984 2554 dcn.
1008 2489 1066 2572 qui
1093 2490 1220 2551 faciunt

102 2569 194 2630 solid.
213 2571 316 2634 XXX.
335 2570 423 2653 culp.
444 2570 510 2636 iud.
724 2571 783 2632 sol.
806 2571 907 2632 XXX.
931 2571 1017 2653 culp.
1035 2571 1102 2637 ind.

142 2653 206 2718 Ill.
250 2652 284 2711 Si
304 2673 384 2712 vero
401 2675 513 2717 servus
536 2671 610 2712 cnm
636 2670 695 2709 an-
764 2651 829 2716 111.
859 2653 974 2734 Siquis
989 2653 1222 2715 Francusalici

101 2733 176 2795 cillo
207 2734 398 2795 moechatus
435 2734 557 2810 fuerit,
585 2732 695 2800 CXX.
725 2758 799 2796 nam
821 2736 971 2796 ancillam
1002 2736 1063 2798 sihi
1086 2737 1218 2820 publice

102 2817 173 2882 (len.
199 2817 259 2900 qui
284 2818 412 2878 faciunt
435 2820 494 2882 sol.
521 2816 579 2881 lIl.
605 2837 695 2878 com·
723 2819 890 2896 iunxerit,
916 2819 983 2901 ipse
1009 2841 1083 2880 cum
1115 2843 1152 2882 ea
1181 2819 1217 2880 in

100 2909 207 2982 ponat.
721 2902 854 2964 servitio
870 2912 1065 2984 permaneat.

139 2981 199 3047 IV.
244 2984 278 3044 Si
299 3005 410 3045 servus
439 2981 590 3044 ancillam
618 2980 696 3042 alic·
764 2983 823 3046 IV.
866 2985 901 3047 Si
927 3007 1037 3048 servus
1057 3005 1130 3048 cum
1157 3009 1217 3047 an·

102 3085 171 3124 nam
183 3074 275 3125 extra
292 3069 490 3128 voluntatem
506 3063 628 3126 domiai
642 3065 690 3126 sui
721 3067 797 3128 cilla
813 3066 917 3129 aliena
941 3069 1126 3132 moechatus
1142 3071 1217 3130 foc-

100 3147 137 3207 ad
158 3143 349 3231 coniugium
367 3148 554 3225 sociaverit,
580 3149 691 3224 (nanc.
719 3152 774 3226 rit,
797 3160 828 3211 et
844 3152 882 3212 dc
898 3153 965 3236 ipso
985 3154 1217 3232 crimincmor·

98 3231 280 3304 Autlsanio)
295 3234 392 3293 CXX.
407 3231 551 3314 demqui
563 3229 690 3291 faciunt
719 3242 774 3294 tua
794 3233 911 3314 fucrit,
943 3257 1055 3296 sersus
1073 3235 1141 3319 ipsc
1159 3243 1214 3296 aut

99 3312 155 3376 sol.
179 3313 240 3375 Ill.
256 3314 342 3398 culp.
360 3315 426 3377 iud.
719 3326 892 3395 castretur,
919 3325 975 3378 aut
993 3320 1115 3381 CCXL.
1138 3320 1214 3380 olen.

718 3399 775 3480 qui
803 3399 927 3460 faciunt
947 3402 1006 3462 sol.
1037 3403 1094 3463 VI.
1125 3402 1214 3483 culp.

718 3481 785 3547 iud.
821 3483 980 3545 Dominus
1013 3505 1092 3546 vero
1127 3484 1218 3546 servi.

718 3563 852 3647 capitale
871 3566 904 3624 in
925 3567 1031 3626 locum
1055 3569 1211 3644 restituat.

137 3641 178 3703 V.
221 3643 257 3706 si
285 3641 358 3726 quis
381 3645 525 3708 Francus
549 3641 688 3709 alienam
762 3647 799 3712 V.
828 3646 1212 3733 Siantcmanciltaprop-

99 3725 247 3787 ancillam
270 3728 330 3791 sibi
358 3728 489 3810 publico
521 3730 685 3808 iunxerit,
716 3729 843 3791 terhoc
865 3739 991 3789 mortua
1010 3753 1075 3790 non
1098 3735 1209 3810 fucrit,

100 3806 161 3887 ipsc
176 3831 253 3872 cum
267 3832 305 3872 ca
326 3811 360 3872 in
381 3811 535 3874 servitute
557 3835 686 3897 perma-
715 3833 828 3874 servns
849 3813 917 3897 ipse
931 3819 985 3872 aut
1007 3813 1105 3879 CXX.
1126 3817 1210 3876 ictus

101 3901 179 3957 neat.
613 3939 616 3946 .
714 3895 868 3977 accipiat,
900 3905 955 3956 aut
975 3894 1074 3958 CXX.
1098 3897 1208 3957 (lonas.

714 3978 771 4060 qui
789 3979 916 4040 faciunt
928 3964 986 4043 sol.
1005 3977 1064 4042 Ill.
1076 3975 1208 4038 dominc

711 4061 850 4123 ancillae
869 4072 1002 4145 cogatur
1011 4059 1208 4147 persolvere.

100 4144 451 4163 *m

130 4196 154 4268 c)
171 4197 203 4252 ln
220 4218 300 4267 marg.
323 4201 400 4274 infra
415 4217 505 4254 annos
516 4221 597 4275 quam
618 4203 743 4278 insontes
767 4203 868 4257 laniare
888 4208 980 4275 possit
1015 4201 1059 4280 s)
1079 4206 1112 4265 ln
1124 4207 1206 4272 marsi.

101 4263 247 4324 ticolasina
262 4275 377 4328 wirtioo.
414 4277 450 4344 g)
461 4273 517 4328 Est
528 4275 684 4346 foeminam
702 4276 860 4346 ingenuam.
