2876 4992
393 351 496 408 iners
524 339 769 406 anmmon‘on
793 341 969 405 manvu.
1154 315 1231 412 dit

125 513 130 520 '
167 478 171 487 .
209 489 253 555 ll.
294 492 391 570 Quod
409 493 435 554 si
453 491 559 574 regius
575 511 668 574 puer,
684 490 737 552 vel
759 472 991 570 ex'tabulariq
1011 489 1053 553 ad
1074 478 1233 578 eiamtgrdss

124 572 205 640 dum
224 575 415 652 ascenderit,
439 575 593 636 trecentis
609 572 721 635 solidis
740 571 905 638 multetur.

203 697 295 770 Tru.
321 695 422 769 LIV.
474 691 583 788 (56.)
633 693 691 760 De
718 691 931 782 corporibus
957 691 1170 797 expoliatis

209 826 236 890 Ι,
279 823 404 904 Siquis
424 831 531 883 autem
557 819 723 881 hominem
744 827 918 892 mortuum,
947 830 1120 902 antequam
1144 842 1233 903 seper·

124 908 235 985 liatur,
251 905 473 989 expoliaverit,
491 905 518 964 si
534 903 749 984 interrogatus
763 902 929 963 confessus
944 901 1054 979 fuerit,
1068 903 1233 986 sexaginte

125 991 238 1054 solidis
265 984 430 1050 multetur.
472 987 507 1047 Si
533 995 639 1045 autem
664 982 848 1065 negaverit,
878 992 910 1044 et
934 994 1042 1066 postea
1065 988 1234 1061 convictus

124 1073 237 1151 fuerit,
261 1082 391 1134 centum
407 1068 517 1132 solidis
536 1091 609 1129 cum
631 1068 777 1130 delatura
801 1067 976 1145 multetur,
999 1077 1055 1129 aut
1071 1090 1154 1132 cum
1177 1089 1253 1132 sex·
1301 1093 1303 1100 ⁴

125 1157 222 1221 iuret.

211 1238 253 1300 ll.
297 1235 330 1298 Si
355 1234 428 1316 quis
450 1244 612 1296 mortuum
633 1233 771 1295 effodere
796 1222 1060 1314 praesumpserit,
1085 1231 1237 1296 ducentis

126 1319 239 1384 solidis
264 1320 429 1396 multetur,
458 1328 514 1378 aut
537 1340 610 1379 curn
628 1316 802 1379 duodecim
822 1314 859 1398 t)
882 1314 978 1376 iuret.

129 1437 331 1516 T1T,LV.
381 1443 489 1522 (57.)
538 1437 596 1506 De
630 1433 911 1526 Rachinburgiis
951 1431 990 1532 i)
1022 1433 1140 1528 legem
1172 1435 1235 1536 di-

596 1537 773 1605 centibus.
808 1561 810 1572 ·

211 1630 245 1691 Si
263 1629 338 1712 quis
358 1651 499 1694 caussam
520 1653 609 1692 suam
635 1628 853 1712 prosequitur,
876 1637 908 1690 et
924 1627 1157 1714 Rachinbnrgii
1181 1633 1234 1693 in-'

129 1724 181 1778 ter
202 1735 255 1774 eos
274 1716 453 1776 secundum
477 1715 581 1794 legem
601 1713 785 1796 Ripuariam
806 1711 915 1774 dicere
939 1713 1127 1790 noluerint,
1155 1721 1235 1777 tunc

130 1797 189 1859 ille
211 1797 243 1855 in
269 1818 366 1878 quern
395 1798 587 1858 sententiam
617 1795 809 1856 contrariam
838 1794 998 1871 dixerint,
1029 1795 1133 1857 dicat:
1165 1800 1234 1880 Ego

129 1903 186 1944 vos
208 1889 358 1960 tangano,
379 1889 415 1939 ut
436 1877 515 1938 mihi
535 1878 641 1960 legem
665 1877 786 1939 dicatis.
828 1877 924 1954 Quod
950 1877 975 1938 si
994 1877 1102 1938 dicere
1122 1881 1234 1942 nolue-

127 1962 208 2032 rint,
237 1971 270 2022 et
289 1971 396 2044 postea
418 1960 557 2022 convicti
574 1959 715 2035 l'uerint,
749 1959 972 2042 unusquisque
998 1981 1109 2020 eorum
1136 1962 1234 2041 quin-

129 2045 235 2106 decim
263 2045 374 2105 solidis
397 2045 562 2107 multetur.
616 2042 774 2102 Similiter
795 2051 826 2101 et
850 2041 924 2122 ille,
951 2042 1008 2125 qui
1025 2041 1235 2127 ,Rachinhum

129 2127 191 2212 giis
214 2137 301 2188 recte
327 2126 509 2187 dicentibus
532 2146 597 2186 uon
624 2123 834 2206 adquieverit.

339 2245 426 2321 ΤιΤ,
455 2244 557 2319 LVI.
608 2239 717 2338 (58.)
768 2244 826 2313 De
851 2231 1026 2316 alodibus.

209 2377 237 2440 Ι.
278 2373 402 2456 Siquis
423 2375 541 2456 absque
562 2372 672 2434 liberis
700 2373 871 2434 defunctus
890 2375 1000 2452 fuerit,
1017 2375 1042 2437 si
1062 2372 1155 2458 pate'r
1169 2399 1233 2442 ma·

126 2465 240 2540 terque
264 2459 450 2536 superstites
472 2455 607 2533 fuerint,
631 2455 664 2514 in
691 2455 905 2516 hereditatem
929 2459 1114 2520 succedant.

210 2539 252 2600 ll.
293 2541 326 2616 Si
353 2551 445 2624 pater
466 2548 631 2620 materque
660 2559 725 2600 non
746 2537 886 2618 luerint,
911 2541 1011 2602 irater
1035 2549 1068 2602 et
1086 2545 1233 2621 sororis)
1282 2623 1284 2628 ‚

25 2642 30 2646 ·
129 2623 312 2684 succedant.

212 2705 269 2770 ΙΙΙ,
311 2703 345 2765 Si
366 2714 472 2766 autem
496 2725 557 2766 nec
583 2725 637 2768 eos
658 2703 825 2780 hahuerit,
855 2706 934 2767 tunc
959 2726 1049 2766 soror
1070 2705 1178 2767 matris
1198 2707 1231 2782 l)

126 2787 289 2870 patrisque
319 2783 503 2853 succedant.
545 2789 586 2848 Et
604 2789 755 2869 deinceps
778 2789 939 2868 usquead
960 2789 1111 2868 quintum
1127 2809 1230 2872 genu·

126 2869 248 2940 culum,
270 2869 327 2953 qui
346 2872 511 2952 proximus
531 2871 641 2947 fuerit,
663 2869 893 2930 haereditatem
916 2873 1075 2935 succedat.

209 2953 266 3018 lv.
309 2953 370 3014 San
398 2975 461 3014 cun
490 2975 603 3014 virtuts
632 2974 721 3013 sexus
748 2973 932 3026 uxrrrrnrr,
970 2973 1085 3014 rantra
1113 2974 1145 3014 ns
1173 2975 1234 3018 aas

122 3055 304 3098 arurrsran
325 3055 501 3096 avrsrrcasr
523 3057 584 3096 uon
606 3055 773 3096 succensu.
833 3100 836 3108 ¹

139 3153 265 3235 ,ΤΙΤο
290 3150 407 3224 LVII·
457 3151 565 3246 (59.)
612 3152 670 3221 De
706 3151 847 3220 libertis
879 3149 1072 3243 adomino
1097 3167 1181 3226 ante
1206 3137 1233 3180 '⁵‘

506 3253 644 3343 Regem
668 3251 833 3320 dimissis·

205 3377 235 3440 I.
278 3378 312 3441 Si
329 3378 405 3462 'quis
417 3377 569 3440 libertum
583 3399 675 3440 suurn
693 3400 753 3461 per
770 3399 898 3440 manum
915 3380 1079 3462 propriam
1100 3373 1157 3444 seu
1170 3405 1228 3467 per

125 3461 264 3524 alienam
286 3462 319 3522 in
343 3461 523 3544 praesentia
544 3462 639 3544 Regis
659 3461 838 3522 secundum
854 3461 959 3544 legem
975 3463 1160 3544 Ripuariam
1179 3469 1227 3526 in·

123 3566 267 3628 genuum
281 3544 444 3605 demiserit
463 3565 521 3626 per
541 3545 718 3620 denarium,
742 3552 775 3604 et
789 3544 932 3606 eiusdem
946 3545 995 3604 rei
1018 3547 1159 3608 chartam
1175 3563 1225 3610 ae·'

124 3629 258 3708 ceperit,
278 3629 464 3688 nullatenus
485 3648 559 3686 enm
575 3627 789 3707 permittimus
806 3628 838 3686 in
862 3627 1029 3689 servitium
1048 3629 1225 3700 inclinare:

123 3711 181 3771 sed
206 3710 289 3772 sicut
309 3709 429 3791 reliqui
449 3708 593 3790 Ripuarii
613 3710 697 3769 liber
716 3718 909 3790 permaneat.
1172 3711 1174 3717 ⁴

208 3791 252 3854 ll.
295 3793 360 3854 Sed
385 3792 411 3853 si
444 3793 515 3872 quis
544 3793 573 3852 ei
604 3799 675 3873 post
700 3793 830 3852 modum
855 3792 1035 3854 contrarius
1061 3794 1222 3873 extiterit,

122 3873 211 3956 quod
238 3898 310 3937 eum
326 3875 398 3957 quis
420 3873 546 3934 inlicito
568 3873 681 3934 ordine
702 3875 879 3955 ingenuum
907 3876 1087 3954 dimisisset,
1104 3886 1135 3938 et
1157 3877 1225 3957 ipse

120 3977 196 4018 cum
217 3959 324 4040 gladio
342 3977 401 4018 suo
419 3955 482 4016 hoc
501 3957 628 4017 studeat
642 3957 820 4023 defensare.
860 3957 925 4017 Aut
944 3959 968 4019 si
987 3961 1225 4020 auctoremlra·
1263 3993 1264 3996 ¹
1296 4031 1297 4038 ἵ

116 4039 239 4121 buerit,
262 4052 375 4102 auctor
395 4061 469 4099 cum
486 4039 610 4121 legibus
639 4061 679 4100 ex
711 4039 773 4100 hoc
797 4047 895 4115 (eum
924 4041 1070 4102 adducat.
1113 4045 1178 4104 Ast
1197 4043 1228 4126 si

121 4199 217 4310 ·--h)
235 4240 344 4294 Herold.
362 4257 422 4293 cum
444 4239 485 4288 VI.
527 4238 550 4306 i)
567 4237 675 4289 Herold.
694 4237 913 4308 Ratbinburgiis.
959 4239 987 4308 lr)
1005 4181 1234 4298 Corbionoinleti«

107 4312 208 4386 frater
227 4324 253 4366 et
270 4323 357 4366 soror.
412 4309 435 4378 l)
453 4309 505 4362 Til.
527 4317 554 4360 et
573 4308 648 4361 Liud.
667 4319 733 4361 turae
744 4307 842 4380 frater
858 4321 885 4364 et
904 4311 988 4363 soror
1003 4315 1123 4365 matris(¹
1149 4332 1170 4352 ·.
1213 4335 1230 4364 a
