2906 5008
208 277 289 364 ²58
482 305 659 364 cisimus
682 304 790 364 asnis
807 305 1080 370 stimulorm

210 447 483 535 quel'permlatae
517 457 551 511 et
584 448 797 510 inordinatae.
849 451 963 512 Postea
989 452 1191 516 Theodosius
1211 456 1324 520 minor

208 539 373 618 Augustus
396 533 436 593 ad
450 531 696 596 similitudinem
721 532 914 614 Gregoriani
938 542 971 594 et
993 538 1243 620 Hermogeniani
1261 563 1321 601 co·

210 610 316 680 dleelil
338 603 459 676 lactum
480 615 746 676 constitutionum
768 615 785 674 t
814 613 1020 676 Constantini
1042 621 1239 702 temporibus
1257 625 1318 684 suh

208 699 521 786 propllo‘cuiusqce
543 698 742 779 imperatoris
758 696 854 765 titulo
875 699 1043 780 disposuit,
1085 704 1212 762 Deinde
1235 728 1319 766 una-

208 803 358 871 quaeque
380 803 458 864 gens
479 782 640 863 propriam
662 781 723 840 sihi
745 801 785 839 ex
813 782 1051 842 consuetudine
1074 785 1246 867 elegerunt
1274 789 1319 848 le-

208 879 315 949 gemt'
332 865 430 946 longa
455 864 543 923 enim
572 863 772 924 consuetudo
796 865 947 946 prolege
974 864 1119 932 liabetur.
1174 869 1242 929 Lex
1270 880 1318 932 est

208 947 397 1011 constitutio
422 945 556 1026 scripta,
580 965 647 1005 mos
672 954 720 1008 est
748 954 903 1006 vetustate
937 949 1069 1030 probata
1102 953 1316 1030 consuetudo,

208 1034 275 1095 sive
293 1031 429 1091 lcx'nou
446 1030 573 1103 scripta.
614 1028 693 1089 Nam
715 1028 769 1088 lex
787 1027 803 1086 d
818 1028 955 1110 legendo
970 1041 1090 1109 vocata,
1104 1034 1180 1114 quia
1198 1036 1317 1116 scripta

208 1123 269 1176 est.¹
328 1114 398 1174 Mos
422 1120 470 1172 est
495 1121 602 1171 autem
631 1109 832 1172 consuetudo
863 1112 959 1194 longa
987 1113 1026 1173 de
1051 1115 1193 1177 moribus
1216 1123 1318 1178 tracta

208 1197 410 1258 tantundem.
471 1193 679 1255 Consuetudo
708 1203 815 1254 a'utem
839 1203 886 1253 est
912 1193 963 1256 ius
991 1197 1151 1276 quoddam
1172 1200 1317 1262 moribus

208 1280 392 1341 institutum
408 1277 494 1360 quod
510 1299 569 1358 pro
587 1278 658 1360 lege
680 1274 862 1358 suscipitur.
905 1279 972 1339 Lex
996 1288 1091 1338 erunt
1110 1301 1206 1342 omne
1225 1283 1317 1363 quod

209 1363 272 1422 iam
292 1360 417 1422 ratione
441 1360 681 1420 constituerunt
707 1358 796 1442 quod
823 1359 862 1418 ad
884 1359 1087 1442 disciplinam
1116 1365 1316 1443 conveniet,

208 1445 297 1528 quod
321 1443 416 1505 saluti
441 1442 597 1524 proficiat.
639 1445 760 1505 Vocatu
787 1448 893 1501 autem
917 1444 1136 1523 consuetudo,
1163 1468 1246 1527 quae
1279 1447 1315 1507 iu

208 1545 378 1590 commuue
401 1536 448 1586 est
468 1545 538 1590 usu.
579 1523 803 1586 Theudoricus
828 1545 886 1584 rex
911 1527 1110 1586 Francorum
1137 1549 1209 1588 cum
1232 1539 1317 1591 esset

205 1609 371 1671 Catalonis
402 1607 501 1688 elegit
526 1607 613 1669 viros
641 1607 801 1690 sapientes
832 1605 890 1688 q‘ui
920 1607 953 1667 in
976 1629 1077 1691 regno
1100 1632 1159 1671 suo
1185 1612 1315 1694 legibus

206 1694 349 1776 antiquis
373 1690 493 1752 eruditi
514 1699 615 1756 erunt,
666 1693 738 1772 lpso
763 1697 870 1750 autem
890 1690 1030 1752 dictante
1055 1694 1146 1754 iussit
1168 1697 1314 1756 conscri-

204 1775 281 1836 bere
307 1777 412 1857 legem
435 1775 635 1833 Francorum
664 1783 696 1834 et
721 1773 973 1834 Alamannorum
1003 1785 1036 1835 et
1062 1776 1315 1838 Iluiowariorum

204 1859 381 1940 unicuique
401 1855 500 1940 genti,
516 1877 597 1938 quae
619 1856 652 1916 in
672 1855 741 1916 eius
754 1863 908 1937 potestate
926 1865 1029 1934 erant,
1045 1860 1223 1920 secundum
1238 1883 1316 1921 con·

201 1943 409 2006 suetudinem
421 1959 522 2018 suam,
534 1938 733 2020 addiditque,
742 1959 824 2021 quae
837 1938 983 2000 addenda
997 1951 1088 2001 erant
1105 1950 1136 2001 et
1151 1943 1316 2024 inprovisa

203 2035 236 2088 et
252 2022 456 2106 inconposita
472 2020 505 2081 in
526 2021 640 2082 melius
653 2021 852 2097 reformavit,
868 2031 900 2081 et
920 2044 1002 2104 quae
1024 2035 1117 2085 erant
1134 2026 1315 2088 secundum

202 2107 472 2174 consuetudinem
484 2125 689 2187 paganorum,
705 2104 839 2164 mutavit
852 2106 1028 2166 secundum
1045 2107 1149 2189 legem
1160 2108 1316 2169 Christia-

203 2191 329 2252 norum.
358 2189 400 2250 Et
420 2185 809 2269 quicquidTheodericus
829 2207 887 2247 rex
914 2197 1047 2271 propter
1067 2189 1314 2252 vetustissimam

200 2293 400 2356 paganorum
428 2270 698 2332 consuetudinem
721 2269 892 2330 emendare
908 2292 973 2331 non
999 2272 1114 2352 potuit,
1137 2273 1313 2354 posthaec

167 2366 169 2375 '
201 2355 401 2418 Hildibcrtus
417 2375 474 2414 rex
491 2351 666 2430 inchoavit,
689 2353 745 2413 sed
759 2351 974 2414 Chlodharius
985 2375 1044 2414 rex
1059 2355 1205 2436 perfecit.
1226 2357 1314 2418 Haec

200 2439 309 2500 culnia*
326 2436 525 2519 Dagobertus
540 2457 597 2496 rex
610 2434 854 2517 gloriosissimus
868 2457 928 2518 per
937 2436 1014 2497 viris
1026 2437 1207 2500 illustribus
1218 2438 1315 2498 Clan-

201 2522 275 2600 dio,
297 2519 507 2597 Chadoindo,
541 2520 657 2600 Magno
683 2529 716 2580 et
736 2517 880 2601 Agilollo
897 2525 925 2597 z)
952 2519 1132 2599 renovavit,
1151 2530 1183 2581 et
1204 2521 1314 2582 omnia

200 2610 348 2666 veterum
365 2605 475 2686 legum
493 2603 527 2662 in
546 2603 661 2662 melius
680 2601 843 2662 transtulit
864 2611 896 2662 et
916 2603 1092 2685 unicuique
1112 2604 1200 2684 genti
1215 2605 1316 2685 scrip-

200 2697 265 2749 tam
288 2687 440 2764 tradidit,
467 2703 550 2768 quae
579 2705 680 2766 usquc
704 2683 801 2744 hodie
828 2697 1046 2766 perseverant.
1095 2689 1210 2748 Factae
1237 2696 1314 2748 sunt

141 2763 145 2780 ’
200 2762 308 2832 eutem
327 2771 415 2853 leges
433 2779 470 2829 ut
489 2787 597 2830 earum
617 2776 703 2832 matu
724 2766 864 2826 humana
885 2779 1090 2830 coerceretur
1103 2769 1247 2845 audacia,
1265 2778 1315 2828 tu-

198 2863 297 2935 tuque
325 2853 366 2914 sit
391 2852 476 2913 iuter
503 2849 619 2948 probos
641 2854 670 2928 a)
701 2849 911 2926 innocentia,
941 2861 972 2912 ct
1000 2852 1033 2910 in
1063 2851 1141 2934 ipsis
1166 2851 1312 2936 inprobis
1333 2897 1349 2917 s

199 2935 376 3000 formidine
405 2932 558 3018 supplicii
582 2932 770 2992 refrenetur
797 2933 938 2995 nocendi
966 2935 1113 2996 facultas.

259 3132 482 3198 moremur
512 3093 724 3194 caricum
753 3115 1240 3220 mois'mmvnuionuu.

196 3297 272 3372 Tur.
297 3317 324 3360 ι.
363 3299 412 3360 De
443 3293 667 3357 ecclesiasticis
691 3317 740 3357 re·
870 3291 1308 3360 lodemsuamudEcclesr‘am

238 3379 300 3442 hu's
323 3379 363 3442 ds
386 3377 478 3440 libris
505 3378 585 3460 legis
608 3379 744 3452 instituq
870 3383 919 3442 vel
932 3402 1144 3465 quameunque
1161 3401 1228 3440 rem
1246 3379 1308 3442 do·

237 3463 365 3524 tiouum
378 3483 461 3544 quac
476 3461 654 3523 adelerunr
667 3482 739 3545 per·
867 3485 943 3524 nure
968 3463 1132 3536 voluerit,
1174 3461 1306 3523 liberum

239 3546 356 3624 tinent,
376 3567 434 3608 seu
459 3545 498 3608 de
518 3543 738 3606 Ecclesiarum
868 3547 979 3607 habeut
996 3559 1191 3630 potestatem.

238 3650 321 3692 ΜΘ·
716 3666 725 3674 “
807 3679 837 3724 a.
857 3661 908 3720 De
929 3663 977 3722 his
999 3662 1055 3741 qui
1075 3673 1186 3722 contra
1207 3659 1304 3739 legem

198 3747 275 3832 Cap.
300 3765 326 3806 ι.
372 3743 412 3806 Ut
424 3745 454 3805 si
466 3745 535 3826 quis
547 3741 737 3806 liderBaiu-
865 3742 1040 3804 Ecclesium
1061 3742 1216 3824 fraudare
1244 3763 1322 3804 vo-,

298 3831 411 3890 camus
426 3827 480 3888 uel
495 3829 685 3909 quiscunque
699 3848 736 3884 u·
868 3827 994 3888 luerint.

265 4001 385 4132 aplius
409 3977 521 4056 nomina
542 3999 572 4052 in
599 3977 756 4054 (lodicibus
771 3999 922 4054 admodum
941 3999 1044 4054 diversa
1070 3998 1207 4063 leguntur.
1261 3997 1303 4048 ll.

198 4075 269 4133 Gla
287 4075 354 4131 ium.
393 4069 592 4126 Chadoindum.
629 4072 762 4144 Magnum
781 4084 807 4126 ct
823 4070 986 4154 Agilnlfum.
1020 4071 1064 4126 Al.
1086 4067 1194 4124 Gladio.
1232 4067 1305 4120 cta·

139 4203 143 4212 ⁸
195 4143 242 4198 do.
286 4142 365 4198 lodo.
386 4183 388 4188 ,
406 4144 522 4214 Magno.
565 4144 590 4196 A
609 4142 700 4212 ilolfo.
743 4141 788 4196 Al,
817 4142 973 4194 Claudium.
1019 4136 1150 4197 eliadam.
1193 4136 1305 4192 Indum.

194 4215 343 4282 Magenum
361 4225 387 4270 es
404 4213 561 4336 Agilolpum-
589 4159 697 4277 iulus„
710 4211 876 4279 Claudium„
889 4209 1037 4280 Claudum,
1056 4207 1254 4286 indomagnum
1277 4217 1303 4274 st

196 4273 354 4354 Agilulliim.
424 4283 455 4355 a)
471 4283 512 4342 Α.
532 4297 592 4336 mss.
612 4281 759 4355 inprobum·
777 4283 915 4353 reprobus.
1006 4294 1014 4310 ⁴⁸
1113 4285 1170 4310 ’Ἣ
