2826 4998
433 287 538 354 rests
556 289 704 346 saucia
723 257 794 350 rar,
820 299 886 354 uri.
996 377 1000 388 Ι
1158 297 1206 374 81

139 411 176 476 ll.
218 417 349 482 sivero
379 424 612 512 Rathenburgii
636 432 687 494 illi
714 443 936 526 unusquisque
972 448 1103 516 illorum
1133 452 1209 544 sep·

101 501 198 580 legem
225 499 387 588 diperint,
409 518 442 568 et
469 509 547 588 ille,
573 522 685 576 contra
713 529 796 600 tem,
819 525 944 590 culcato
965 534 1124 602 soleDC.
1148 543 1208 604 ‹le·.

100 603 190 663 quem
204 581 375 664 dixerunt,
399 589 444 652 eis
466 594 683 669 contradicat,
713 605 819 670 narios
842 610 900 690 qui
921 613 1045 680 faciunt
1062 622 1121 683 sol.
1138 626 1207 688 XV.

100 673 128 724 et
158 663 218 724 hoc
248 668 410 730 sustinere
443 675 602 754 noluerit,
629 700 683 741 eos
712 688 799 769 culp.
817 691 884 752 iud.

99 744 177 806 enim
193 755 307 808 contra
322 751 426 834 legem
442 754 598 820 iudicasse
620 760 682 822 sibi
752 770 816 838 lll.
859 773 1016 844 Similiter
1057 786 1085 848 si
1115 809 1207 851 com-

97 835 195 910 putat,
218 838 252 888 et
269 829 304 890 id
324 837 528 919 comprobare
550 861 614 901 uon
627 866 683 924 po·
709 853 836 934 probati
863 857 988 924 fuerint
1014 865 1121 950 legem
1140 893 1206 934 non

95 910 180 988 terit,
210 911 391 996 unicuique
419 919 458 980 de
479 930 601 1005 septem
622 926 683 988 Ra·
710 935 884 1017 iudicasse,
915 954 1038 1026 septem
1074 973 1114 1014 ex
1160 957 1207 1017 eis

95 991 283 1074 thinhurgiis
307 999 375 1063 DC.
390 998 537 1067 denarios
559 1005 614 1090 qui
632 1004 681 1072 la·
709 1019 934 1104 unusquisque
957 1029 1026 1092 DC.
1048 1032 1122 1100 den.
1195 1039 1203 1053 ⁰

95 1072 177 1136 ciunt
192 1075 289 1143 solid.
316 1081 386 1146 XV.
403 1083 516 1152 solvat.
707 1099 834 1162 faciunt
849 1106 908 1166 sol.
925 1106 999 1177 XV.
1024 1116 1110 1197 culp.
1136 1118 1205 1187 iud.

749 1183 806 1247 IV.
847 1186 1204 1263 SiautemRachiubur-

708 1263 753 1346 gii
770 1264 876 1348 legem
897 1269 1060 1354 iudicant,
1094 1291 1128 1343 et
1150 1287 1204 1347 cui

708 1347 884 1411 iudicatum
903 1354 1023 1438 fuerit,
1044 1360 1108 1426 hoc
1130 1387 1211 1428 sus-1·

706 1428 811 1492 tinere
853 1434 1016 1518 nolucrit,
1055 1452 1090 1506 et
1124 1447 1205 1512 dicit

704 1521 817 1574 ‘contra
834 1511 940 1600 legem
953 1521 1110 1590 iudicasse
1125 1531 1200 1610 sibi,

706 1602 738 1654 ct
754 1593 816 1656 hoc
830 1604 1037 1685 comprobare
1059 1629 1125 1672 non
1137 1635 1200 1698 po-

703 1677 1200 1778 tuerit,coutraunumquemque

705 1757 1199 1856 deseptemRachiuhurgiisDC.

705 1839 779 1905 den.
802 1845 860 1926 qui
885 1845 1011 1916 fuciunt
1041 1855 1100 1920 sol.
1120 1856 1196 1926 XV.

705 1920 790 2009 culp.
809 1927 876 1996 iud.

596 2075 597 2082 ‘
702 2105 793 2186 ro.
825 2111 928 2186 axi.
978 2065 1037 2196 oe
1069 2125 1194 2205 cim-¹

87 2189 168 2276 Tm.
189 2191 295 2271 LXI.
319 2199 379 2274 De
394 2197 516 2278 Chren
541 2203 665 2281 cende.
809 2213 1006 2292 nechruda.
1040 2223 1084 2322 n)

113 2357 138 2420 I.
179 2359 214 2422 si
229 2361 302 2442 quis
318 2362 485 2428 hominem
498 2366 664 2449 occiderit,
715 2373 762 2464 οΙ.
786 2371 839 2468 ‘Si
852 2376 925 2460 quis
948 2379 1114 2451 homiuem
1137 2409 1189 2456 oca
1287 2473 1290 2478 .

80 2447 106 2502 et
124 2441 156 2502 in
169 2451 239 2503 tota
254 2444 406 2508 facultate
420 2469 484 2511 non
504 2449 663 2530 habuerit,
694 2451 821 2533 erderit,
843 2469 876 2521 et
893 2461 927 2522 in
945 2473 1012 2528 tota
1032 2469 1185 2537 facultate

80 2524 155 2584 unde
170 2534 275 2586 totam
294 2528 398 2609 legem
413 2531 563 2619 impleat;
586 2535 663 2596 duo·
692 2554 749 2594 sua
767 2557 832 2598 non
850 2541 1015 2626 habuerit,
1038 2552 1125 2615 uude
1139 2563 1186 2616 to·

78 2605 173 2667 decim
192 2606 352 2672 iuratores
369 2610 472 2690 dabit,
494 2615 583 2696 quod
602 2638 662 2679 nec
689 2623 754 2676 tam
776 2619 881 2704 legem
904 2626 1038 2712 implere
1066 2635 1184 2711 valeat,

77 2687 178 2750 subtus
193 2697 333 2772 terram,
355 2712 462 2774 neque
480 2717 517 2766 su
540 2719 576 2758 ra
593 2707 661 2760 ter·
689 2697 764 2766 XII.
785 2699 940 2771 iuratores
965 2711 1074 2793 donet,
1094 2721 1183 2799 quod

77 2790 134 2829 ram
162 2772 239 2854 plus
263 2771 304 2834 de
340 2775 492 2840 facultate
550 2781 660 2859 abeat,
689 2798 751 2842 uec
770 2798 1000 2869 superterram
1023 2816 1084 2858 nec
1105 2799 1182 2861 sub·

78 2873 165 2932 quam
185 2853 330 2916 donavit.
370 2855 413 2918 Et
427 2870 537 2943 postea
565 2862 661 2924 dehet
688 2869 741 2924 tus
762 2873 879 2929 terram
903 2875 1038 3024 amplius
1064 2879 1105 2944 de
1130 2883 1180 2944 l'a·

78 2934 107 2993 iu
120 2951 323 2997 casamsuam
341 2937 472 3020 intrare,
490 2943 573 3006 etde
585 2967 661 3027 qua·
689 2946 809 3010 cultate
844 2974 910 3014 nou

78 3024 142 3078 tuor
155 3019 283 3100 augulis
301 3028 405 3083 terrae
426 3025 596 3107 pulverem
624 3026 660 3088 in
688 3029 777 3112 quod
792 3028 945 3098 donatum
961 3037 1066 3107 habet.
1086 3047 1180 3110 Post-

76 3119 176 3181 pugno
199 3101 356 3183 colligere
371 3112 403 3166 et
417 3115 526 3189 postea
540 3104 574 3169 iu
598 3108 662 3170 du·
690 3132 728 3173 ea
753 3110 873 3179 intrare
901 3120 998 3184 debet
1019 3126 1052 3187 in
1076 3150 1202 3212 casam,

75 3183 192 3263 repello
225 3193 340 3264 stare,
379 3194 413 3249 et
444 3188 530 3252 intus
557 3211 661 3252 casam
688 3215 794 3274 suam,
815 3206 849 3258 et
868 3199 908 3263 de
927 3215 1066 3287 quatuor
1084 3227 1202 3296 anglo·

77 3272 200 3346 coptare
224 3265 337 3345 debet,
360 3270 458 3331 etsie
477 3271 516 3334 de
532 3272 661 3334 sinistra
689 3274 730 3338 lis
739 3275 779 3338 de
788 3283 873 3342 terra
886 3282 942 3347 illa
956 3288 990 3350 in
1000 3312 1109 3374 paguo
1119 3318 1178 3360 suo

75 3365 165 3406 manu
184 3351 274 3424 trans
292 3370 364 3411 suas
384 3353 528 3417 scabulae
544 3355 660 3418 iactare
689 3358 821 3442 colligat
836 3373 867 3426 et
880 3377 962 3432 stare
984 3372 1018 3434 in
1036 3377 1178 3460 durpilo,

76 3448 164 3510 super
211 3431 441 3512 proximiorem
484 3448 659 3518 parentem.
687 3437 751 3502 hoc
766 3454 831 3522 est,
853 3447 887 3507 iu
901 3450 1063 3535 liminari,
1087 3469 1119 3520 et
1133 3461 1182 3523 in-

77 3508 164 3586 Quod
179 3511 209 3572 si
231 3512 294 3572 iam
308 3525 419 3596 pater,
448 3526 506 3578 aut
535 3530 659 3600 mater,
689 3530 739 3584 tus
754 3536 880 3611 captare
908 3543 958 3612 o),
987 3547 1021 3598 et
1048 3562 1122 3602 cum
1141 3544 1186 3606 si-·

76 3611 125 3650 seu
141 3592 246 3658 frater
262 3617 323 3678 pro
344 3597 414 3680 ipso
426 3599 661 3680 solveruntsu-
687 3605 788 3668 nistra
818 3632 915 3673 manu
948 3614 988 3677 de
1016 3619 1075 3682 illa
1095 3631 1181 3689 terra

76 3693 125 3753 per
139 3696 285 3738 sororem
299 3687 379 3741 tunc
396 3683 517 3760 matris,
539 3693 595 3746 aut
608 3708 660 3747 su·
686 3688 773 3750 ultra
800 3715 871 3755 suas
891 3695 1036 3762 scabulas
1061 3704 1180 3769 iactare

75 3775 126 3834 per
136 3756 208 3820 eius
226 3759 311 3824 lilios
327 3761 425 3826 debet
438 3765 529 3827 illam
538 3775 658 3830 terram
685 3795 784 3857 super
818 3797 915 3858 quem
948 3782 1180 3863 proximiorem

970 2959 1081 3042 abeat,
1115 2965 1179 3028 uisi

75 3896 438 3926 Q-—b———n

135 4009 166 4082 n)
185 4013 272 4070 Gloss.
290 4015 349 4074 Est.
366 4015 400 4073 de
420 4019 633 4098 Clarenequa'cla,
660 4023 693 4084 id
713 4041 846 4090 creterra
864 4037 980 4096 collecta
1000 4037 1033 4096 cle
1060 4021 1195 4128 quatuor:

77 4083 179 4150 ungulis
198 4082 310 4149 domus,
329 4089 460 4160 legaliter
477 4095 509 4147 in
526 4098 646 4171 aliquem
660 4104 796 4172 proiecta.
867 4109 897 4179 o)
913 4113 957 4166 Un
968 4113 1058 4168 Guell.
1077 4117 1107 4167 tn
1115 4117 1183 4170 dura

77 4146 116 4198 lio
131 4151 183 4206 hoc
201 4168 240 4210 est
254 4158 384 4218 limitare.
419 4161 474 4218 Est.
494 4165 525 4218 in
547 4166 677 4234 dorbilo,
705 4171 757 4230 hoc
776 4189 827 4239 m,
849 4178 880 4230 in
902 4182 1021 4238 limitari
1050 4189 1182 4244 Μαιευ-

80 4231 194 4285 captare.
563 4247 565 4252 ·
1060 4275 1067 4286 =
1097 4271 1100 4276 ·
1146 4279 1156 4288 a
