2826 4998
561 383 672 439 INDEX
708 379 920 444 timorum

748 541 793 600 ¹7·
820 517 869 578 De
886 539 922 584 eo
939 515 994 599 qui
1009 524 1161 576 mortuum
1181 511 1281 576 bomi-

823 620 893 658 uem
907 597 1126 680 expoliauerit.

184 720 230 782 ¹9·
260 697 308 758 De
326 691 491 758 incendiis.
748 683 793 745 18.
823 682 871 740 De
890 677 1052 742 incendiis.

180 803 230 842 20.
257 779 307 840 De
334 775 519 839 vulneribus.
748 785 793 844 ¹9·
818 762 866 821 De
888 761 1072 820 vulneribus.

179 884 229 924 21.
256 862 304 934 De
331 881 389 932 eo,
410 857 465 940 qui
492 851 647 914 bominem
665 853 716 911 in·
744 867 793 907 2ο.
819 844 867 902 De
886 865 921 902 eo
941 844 995 924 qui
1011 838 1163 900 homiriem
1184 839 1279 897 inno-

260 954 419 1036 nocentem
437 935 523 1022 apud
535 937 647 1014 Regem
663 954 716 994 ae·
824 939 941 986 centem
955 936 984 982 et
1004 925 1159 984 absentem
1172 919 1216 982 ad
1227 940 1279 979 re-

264 1035 429 1087 cusauerzt.
826 1028 893 1086 gem
912 1007 1114 1069 accusauerit.

107 1182 109 1186 .
182 1162 233 1206 22.
260 1139 310 1200 De
327 1132 494 1218 Malefieis.
745 1144 794 1188 21.
821 1123 870 1181 De
891 1117 1065 1202 maleficiis.
1151 1180 1157 1184 ,

183 1227 235 1290 25.
261 1221 310 1282 De
338 1211 627 1278 Manu'mulierum
655 1229 719 1274 non
745 1227 794 1266 22.
823 1205 872 1264 De
888 1200 1281 1281 coquimulieriingenuae

266 1297 458 1380 stringenda.
826 1304 951 1348 manum
968 1282 1142 1344 strinxerit.

182 1385 232 1474 24.
260 1386 308 1450 De
325 1381 466 1444 Navibus
474 1375 605 1462 furatis.
744 1370 795 1432 25.
821 1367 871 1428 De
888 1386 924 1426 eo
935 1365 990 1447 qui
1004 1385 1114 1425 nauem
1127 1367 1193 1422 sine
1204 1385 1280 1446 per-

828 1450 924 1510 missu
944 1445 1064 1506 domini
1079 1448 1213 1506 mouerit
1229 1458 1282 1506 aut

775 1607 777 1610 Ι
821 1529 995 1612 furauerit.

192 1641 243 1708 25.
269 1641 318 1702 De
332 1627 613 1720 surtisinMolino
634 1639 718 1685 tom·
748 1614 798 1691 ab.
818 1615 867 1674 De
880 1609 982 1691 furtis
1005 1611 1039 1669 iu
1063 1611 1180 1672 molino
1203 1629 1285 1670 eom·

223 1743 227 1752 ⁴
266 1723 379 1784 missis.
829 1695 942 1754 missis.

184 1805 237 1871 26.
262 1807 311 1866 De
330 1798 458 1863 Caballo
482 1810 619 1855 ascenso.
748 1778 798 1842 25.
823 1777 872 1836 De
899 1773 1020 1834 caballo
1043 1774 1109 1832 sine
1127 1775 1284 1855 permissu

829 1857 950 1918 domini
970 1857 1021 1914 sui
1040 1875 1176 1922 ascensa.

187 1995 236 2056 27.
265 1970 313 2030 De
325 1963 427 2048 furtis
442 1957 587 2020 diuersis,
669 1967 672 1970 ·
958 1955 961 1964 ¹

187 2057 237 2122 28.
265 2053 316 2113 De
347 2039 540 2107 Homicidiis
569 2028 722 2122 paruulo·-
749 2023 798 2092 26.
826 2023 876 2083 De
893 2019 940 2081 bis
961 2020 1016 2099 qui
1026 2038 1141 2100 pueros
1158 2017 1285 2100 uelpu-'

285 2152 364 2198 rum.
404 2145 416 2166 ¹
830 2103 908 2163 ellas
928 2100 1100 2162 occiderint
1117 2100 1163 2160 vel
1183 2112 1284 2162 toton.

831 2183 946 2248 derint.

191 2322 241 2383 29.
267 2298 316 2358 De
332 2288 505 2352 Adulteriis
521 2279 724 2344 Ancillarum.
751 2295 799 2352 27.
827 2267 876 2326 De
892 2264 1055 2325 adulteriis
1073 2263 1266 2324 ancillarum.

190 2385 240 2448 30.
268 2381 317 2439 De
338 2371 473 2436 Libertis
495 2365 643 2426 dimissis.
752 2355 801 2416 28.
830 2349 878 2406 De
894 2348 1015 2408 libertis
1031 2346 1178 2411 dimissis,

752 2458 802 2518 29.
836 2431 880 2490 De
891 2427 992 2508 furtis
1010 2427 1153 2487 diuersis.

190 2545 241 2607 31.
267 2543 316 2603 De
336 2532 580 2600 Elocationibus.
755 2522 805 2580 30.
831 2513 878 2570 De
896 2511 1110 2572 locationibus.

192 2629 244 2688 52.
270 2625 318 2683 De
336 2616 567 2680 Debilitatibus.
756 2603 805 2660 51.
835 2595 882 2654 De
900 2592 1121 2654 debilitatibus.

192 2709 243 2770 53.
270 2707 319 2766 De
340 2701 501 2762 Conm'tiis.
611 2750 615 2754 ,
757 2685 808 2744 52.
835 2677 883 2734 De
900 2675 1059 2737 conuiciis,

192 2791 244 2865 54.
271 2789 320 2848 De
342 2785 398 2846 via
414 2781 543 2840 Latina.
757 2765 809 2825 33.
834 2758 882 2815 De
905 2758 959 2814 via
984 2756 1107 2814 lacinia.

194 2871 244 2937 35.
272 2872 322 2931 De
339 2860 550 2946 Ligaminibus
575 2851 731 2930 Ingenuo·
758 2847 807 2922 54.
839 2840 885 2898 De
903 2858 938 2896 eo
957 2839 1011 2916 qui
1030 2837 1183 2896 bominem
1208 2833 1294 2912 inge·

281 2970 360 3012 rum,
841 2940 934 2980 nuum
948 2921 1014 2976 sine
1033 2938 1125 2977 eausa
1136 2915 1294 2994 lignuerit.

196 3037 246 3102 36.
274 3036 324 3095 De
347 3019 583 3090 Venatiouibus.
761 3007 811 3070 35.
840 3004 888 3060 De
903 2999 1129 3062 venationibus.

197 3123 248 3201 57.
275 3117 324 3176 De
349 3107 483 3192 sepibus.
762 3089 811 3152 56.
840 3087 888 3144 De
908 3075 1036 3163 sepibus,

200 3204 251 3268 38.
279 3199 327 3259 De
346 3183 541 3254 Homicidiis
559 3193 731 3244 seruorum,
764 3175 813 3252 57.
840 3168 888 3225 De
921 3160 1099 3222 homicidiis
1135 3177 1298 3220 seruorum

284 3277 338 3340 vel
355 3263 628 3354 expoliationibus.
848 3247 895 3308 vel
911 3243 1103 3304 ancillarum.

201 3368 252 3448 59.
281 3365 330 3424 De
358 3343 650 3436 Quadrupedibus,
684 3336 738 3420 qui
767 3335 815 3398 58.
845 3331 892 3388 De
916 3323 1170 3408 qttadrupedibus
1195 3319 1301 3379 sibo-

286 3428 593 3504 hominemlaedunt.
749 3467 751 3472 .
850 3411 962 3471 minem
980 3406 1161 3466 occiderint.
1222 3437 1223 3442 κ
1313 3435 1315 3446 ·
1410 3401 1411 3408 ’

202 3558 255 3634 40,
281 3552 331 3612 ,De
354 3541 389 3606 V
385 3541 491 3618 estigia
506 3529 664 3596 minando.
769 3525 819 3603 39.
847 3520 895 3578 De
911 3514 1042 3591 uestigio
1063 3507 1221 3569 minando.

204 3643 256 3714 41.
284 3635 331 3693 De
346 3623 448 3707 furtis
473 3618 679 3680 Caballorum.
769 3607 821 3684 4ο,
850 3603 898 3659 De
913 3595 1041 3657 caballis
1052 3591 1182 3672 furatis.

205 3723 257 3801 42.
286 3717 334 3778 De
353 3702 592 3786 Plagiatoribus.
770 3689 821 3764 [μ.
848 3681 971 3748 Deliis,
990 3677 1044 3757 qui
1065 3675 1168 3733 aliena
1190 3669 1306 3730 manci·

851 3767 907 3850 pia
922 3755 1169 3821 sollicitaueriut.

206 3911 259 3992 45.
287 3909 335 3968 De
359 3899 486 3967 Seruo,
516 3887 571 3970 qui
593 3884 632 3944 de
651 3878 744 3964 furto
772 3877 823 3954 42.
850 3874 898 3932 De
912 3865 1069 3944 servoqui
1083 3861 1121 3920 de
1131 3853 1309 3940 furiosae..

283 3985 390 4071 fuerit
416 3973 600 4058 inculpatus.
855 3956 897 4016 rit
916 3947 1140 4030 interpellatus.
1199 3955 1200 3960 ¹

206 4076 258 4154 44.
286 4073 335 4131 De
373 4053 566 4132 Homicidiis
594 4055 747 4127 Ingenuo·
774 4040 824 4118 45.
852 4037 900 4094 De
937 4027 1113 4090 homicidiis
1158 4023 1311 4102 ingenuo-

184 4184 187 4188 ·
362 4193 370 4208 .
858 4135 936 4178 rum.

207 4237 259 4317 55.
287 4172 556 4296 llem'Homictdiis
582 4215 601 4276 la
635 4220 745 4274 tontu—
774 4205 825 4283 44.
853 4202 900 4261 De
919 4190 1129 4256 isomieidiislt
1148 4184 1315 4248 contuber-

292 4315 401 4378 bernio
411 4305 522 4392 sactis.
859 4278 1026 4364 niofactis.
