2826 4998
209 283 260 375 id
368 263 370 270 ’
539 299 645 365 neers
669 303 975 366 senosanam.

209 452 464 588 ngtequmssneum
481 454 541 525 per
558 441 664 524 legem
683 441 800 508 habeat
827 431 971 513 vitun,
1000 439 1075 510 den.
1106 444 1165 526 qni
1197 444 1311 513 faciant

208 548 226 590 a
251 549 299 594 ma
328 549 381 585 flu

230 597 295 668 a
311 522 800 670 nani‘iiiitdiiiiaiuiuiiiiid
828 525 887 590 ⁸⁰¹'
906 525 968 585 ω
989 524 1074 608 cusp'
1091 523 1159 593 aa

206 629 286 786 dien.
304 688 363 785 gai
382 687 506 752 faciunt
523 687 583 756 sol.
607 629 670 752 dd.
691 652 801 776 culpa:

204 764 281 846 bille
303 769 401 834 audie.
1098 817 1103 825 ·

201 853 216 914 .’
248 851 293 920 11.
336 853 373 914 Si
401 873 477 914 vero
501 849 621 914 Gravio
649 850 801 915 invitatus
872 849 913 917 11.
953 850 986 914 Si
1009 873 1086 915 vero
1110 855 1221 916 Grafio
1240 854 1316 920 inri-

207 933 249 997 ad
271 934 404 996 alterius
424 956 565 996 caussam
581 955 676 1017 supra
697 933 802 1016 legem
830 943 913 996 tatus
924 943 1034 994 contra
1048 934 1153 1018 legem
1165 960 1257 1020 supra
1269 939 1318 1001 da·

207 1025 263 1076 ant
279 1015 422 1078 debitum
441 1014 565 1100 aliquid
582 1037 802 1099 praesumpse·
830 1015 931 1078 bitum
945 1017 1063 1078 iustum
1077 1018 1202 1100 aliquid
1214 1019 1317 1102 ampii·

206 1098 272 1169 rit;
306 1107 361 1158 aut
381 1097 615 1180 Weregnidnm
630 1118 724 1159 snum
748 1119 803 1162 re·
832 1120 870 1160 us
885 1100 1014 1178 tulerit,
1034 1109 1089 1160 ant
1108 1123 1142 1162 se
1166 1099 1315 1184 redimat,

211 1179 321 1261 dimas,
343 1187 399 1242 ant
420 1178 460 1244 de
481 1180 546 1244 vita
562 1187 741 1266 componat.
832 1190 888 1241 ant
905 1181 945 1242 de
959 1181 1023 1243 vita
1043 1191 1224 1266 componat.

658 1383 661 1386 -
832 1333 923 1410 ΤΙΤ.
947 1332 1051 1410 le.
1081 1335 1142 1406 De
1155 1335 1212 1406 Re
1225 1359 1318 1432 prae·

212 1430 304 1505 Tar.
322 1430 405 1506 LV.
437 1428 591 1506 Darem
611 1441 804 1528 praestata.
865 1529 867 1534 ι
990 1445 1084 1506 stata
1116 1435 1168 1525 o).

253 1595 281 1657 1.
324 1594 358 1656 Si
379 1595 452 1678 qais
469 1593 561 1659 alteri
574 1597 614 1658 de
627 1595 723 1660 rebus
739 1593 804 1659 anie
874 1597 899 1659 1.
941 1596 975 1658 Si
989 1596 1061 1678 quis
1073 1595 1165 1660 alteri
1176 1597 1216 1660 de
1231 1595 1320 1660 reb-ns

152 1741 157 1758 x
213 1677 340 1760 aliquid
358 1678 576 1762 praestiterit,
610 1687 644 1739 et
669 1680 751 1740 alius
773 1677 804 1740 ei
833 1680 898 1746 snis
911 1679 1036 1761 aliquid
1056 1680 1265 1761 praestiterit,
1292 1685 1320 1739 et

211 1763 350 1826 reddere
370 1759 524 1838 noluerit,
548 1759 595 1821 sic
613 1760 710 1822 debet
731 1782 806 1822 eurn
835 1764 866 1826 ei
881 1763 1017 1824 reddere
1028 1762 1181 1840 noluerit,
1194 1762 1240 1824 sie
1254 1781 1321 1823 enm

117 1892 119 1898 >
213 1844 358 1906 mallare.
409 1840 492 1905 Cnm
520 1841 652 1904 testibus
680 1842 721 1904 ad
746 1843 806 1904 do·
835 1843 930 1908 debet
954 1845 1095 1906 maliare.
1139 1843 1224 1906 Cum
1242 1840 1321 1905 testi·

213 1923 421 2002 mamillius,
443 1923 497 1986 cui
518 1943 587 1984 rem
597 1945 686 1986 suam
696 1945 807 2008 praes·
834 1929 895 1990 bus
914 1923 955 1986 ad
983 1924 1112 1986 domum
1134 1925 1245 2003 illius,
1273 1922 1320 1986 cai

214 2010 293 2088 titit,
314 2005 460 2083 accedat,
483 2013 514 2067 et
538 2005 585 2066 sic
609 2014 807 2068 contestetur
835 2031 887 2072 res
908 2006 1097 2092 praestavit,
1126 2009 1271 2084 accedat,
1292 2011 1319 2067 et

216 2083 275 2156 εἰτ’
303 2087 389 2168 Quia
404 2109 455 2148 res
480 2107 565 2149 meas
587 2088 720 2150 noluisti
735 2087 807 2150 red·
834 2092 881 2154 sic
892 2099 1088 2150 contestetur
1110 2089 1156 2150 ei:
1179 2090 1261 2168 Quia
1276 2107 1321 2148 res

217 2173 295 2236 dere
316 2191 394 2252 quas
419 2168 477 2228 tibi
500 2170 645 2251 praestiti
670 2171 705 2230 in
731 2169 806 2245 hoc,
836 2193 920 2233 meas
938 2170 1071 2231 noluisti
1087 2171 1235 2248 reddere,
1251 2190 1319 2251 quas

214 2276 273 2318 eas
286 2261 361 2313 tene
378 2259 472 2312 nocte
488 2251 632 2334 proxima
646 2252 809 2334 quodLex
836 2254 895 2318 tibi
915 2253 1070 2335 praestiti,
1092 2253 1125 2312 in
1140 2253 1204 2315 hoc
1219 2275 1267 2314 eas
1280 2261 1320 2311 te·

215 2335 324 2398 salica
340 2332 494 2394 continet.
542 2332 809 2396 Etsiceisolem
839 2360 879 2398 ne
902 2333 1155 2416 nocteproximn
1174 2333 1320 2420 qnodlex

215 2417 378 2482 collocetz
410 2424 442 2475 et
473 2413 500 2476 si
517 2437 578 2477 nec
603 2416 808 2477 tnncvolue·
837 2417 943 2482 Salica
969 2415 1138 2500 ,eontineu
1169 2430 1202 2479 et
1229 2417 1271 2478 sic
1294 2411 1320 2474 ei

211 2501 263 2568 ,rit
275 2497 427 2573 reddere,
451 2496 556 2558 adhuc
576 2518 673 2580 snper
690 2506 810 2580 septem
838 2501 939 2564 solem
951 2498 1098 2560 collocet.
1138 2499 1320 2560 sinecion

217 2591 333 2646 noctes
352 2579 499 2640 similiter
518 2580 624 2640 facere
643 2579 754 2641 dehet:
778 2587 823 2646 et,
838 2581 978 2645 voluerit
993 2581 1140 2658 reddere,
1161 2581 1320 2642 adhucsn·

173 2699 180 2708 ·
218 2665 249 2730 si
272 2684 331 2724 nec
351 2669 428 2721 tnnc
442 2661 581 2722 voluerit
601 2659 748 2736 reddere,
770 2659 811 2722 ad
838 2686 897 2749 per
925 2661 998 2723 Vll.
1034 2671 1143 2724 noctes
1185 2660 1323 2726 similiter

218 2747 299 2810 alias
313 2752 435 2824 septem
450 2741 812 2804 noctessimiliterfaee-
839 2753 1052 2820 contestetur,
1074 2745 1157 2806 sicut
1176 2755 1267 2806 antea
1284 2743 1323 2802 fe·

218 2851 258 2892 re
276 2826 388 2888 debet:
404 2824 477 2885 etsi
496 2845 557 2886 nec
574 2836 651 2886 tnnc
669 2824 811 2886 voluerit
839 2831 941 2905 cit‚nt
956 2835 1048 2886 nocte
1061 2826 1208 2907 proxima
1219 2844 1323 2888 socun-

218 2908 378 2982 reddere,
398 2905 439 2966 ad
458 2904 536 2967 alias
562 2913 682 2987 septem
701 2917 811 2967 noctes
840 2912 916 2973 dum
928 2909 1014 2991 quod
1031 2907 1085 2969 lex
1107 2909 1213 2972 Salica
1230 2903 1323 2968 conti·

222 2989 261 3053 id
292 2988 389 3049 faciat
456 2987 532 3049 Post
552 3007 629 3068 quas
661 2986 812 3048 adhunc
840 3001 908 3063 net,
928 3011 979 3052 res
998 2999 1069 3051 s'uas
1086 2999 1197 3054 tenere
1211 2987 1322 3051 debeat.

222 3093 299 3134 cum
324 3065 457 3130 testibus
478 3069 591 3129 venire
626 3067 742 3148 debet,
780 3078 813 3130 et
840 3073 935 3152 Quod
961 3071 988 3134 si
1012 3092 1071 3132 nec
1093 3081 1171 3133 tunc
1192 3067 1323 3133 voluerit

220 3160 339 3228 ποσοὶ,
379 3158 416 3208 ut
449 3148 510 3210 sibi
543 3147 686 3211 debitum
719 3172 812 3212 suum
839 3155 986 3228 reddere,
1008 3153 1123 3214 iterum
1133 3161 1322 3236 postseptem

208 3203 349 3310 reddat,
371 3237 403 3292 et
423 3231 450 3292 si
470 3253 530 3294 nec
558 3241 635 3292 tunc
661 3231 813 3294 reddide-
840 3236 1172 3298 aliasnoctesadenm
1185 3232 1324 3296 similiter

221 3317 293 3392 rit,
328 3312 429 3374 solem
459 3313 490 3374 ei
519 3313 684 3390 collocet,
723 3324 756 3374 et
785 3314 812 3374 si
841 3339 913 3380 cunr
927 3315 1058 3378 testibus
1069 3316 1185 3393 veniat,
1199 3324 1229 3378 et
1241 3319 1324 3393 roget

222 3418 285 3484 per
304 3404 369 3456 tres
386 3394 471 3456 vices
485 3395 585 3456 solem
598 3394 812 3475 collocaverit,
842 3409 879 3461 ut
905 3399 1049 3460 debitum
1078 3419 1170 3458 sunm
1210 3397 1323 3458 reddat.

223 3489 260 3544 et
280 3479 306 3540 si
326 3497 386 3536 nec
403 3483 480 3537 tunc
495 3476 631 3539 reddere
653 3477 813 3555 voluerit,
841 3483 927 3562 Ergo
949 3480 975 3542 si
995 3489 1073 3540 tunc
1093 3479 1237 3540 noluerit
1258 3475 1323 3539 red·

210 3553 695 3640 ‘antfidemfacere,superillos
709 3559 814 3623 VIIII.
843 3563 931 3638 dere,
948 3583 1008 3623 nee
1024 3561 1120 3622 fidem
1139 3563 1244 3622 facere
1259 3556 1322 3618 red·

224 3642 357 3718 solidos,
370 3639 427 3722 qui
446 3661 504 3724 per
522 3650 585 3702 tres
603 3639 814 3704 amonitiones
843 3643 952 3720 dandi,
966 3664 1061 3724 supra
1075 3643 1230 3718 debitum,
1245 3635 1323 3720 quod

224 3725 442 3787 adcrevernnt
457 3745 553 3805 super
569 3722 712 3784 debitum
724 3743 817 3804 supe·
844 3725 874 3786 ei
898 3725 1081 3806 praestitum
1101 3735 1165 3802 est,
1185 3732 1219 3784 et
1236 3736 1323 3801 super

224 3807 294 3871 rius
316 3801 421 3866 adhuc
439 3804 585 3887 amplius,
605 3809 718 3878 (nana.
736 3799 817 3864 Tau·
844 3806 917 3867 ilios
934 3827 1050 3867 novem
1062 3806 1191 3883 solidos,
1210 3803 1266 3888 qui
1274 3817 1325 3882 per

227 3891 296 3967 the)
320 3887 388 3948 DC.
407 3886 481 3948 den.
500 3887 557 3971 qui
578 3885 704 3950 faciunt
722 3885 814 3965 solid.
845 3896 908 3949 tres
932 3887 1165 3950 admonitiones
1188 3901 1324 3947 accreve-

227 3969 299 4040 XV.
314 3969 401 4054 culp.
423 3967 489 4032 iud.
519 3991 522 3998 ’
763 3965 774 3986 s
843 3977 930 4042 runt,
952 3971 1017 4034 DC.
1039 3969 1112 4031 den.
1136 3969 1193 4051 qni
1210 3964 1327 4028 faciunt

844 4049 901 4115 sol.
921 4047 994 4117 XV.
1015 4052 1101 4138 culp.
1115 4051 1182 4119 iad.
1252 4113 1255 4116 ,

219 4205 237 4230 .;.
301 4203 475 4282 ι,)“”Λ1.Ρίιῐι.
495 4213 527 4268 de
543 4215 699 4272 fraenare.
761 4285 762 4292 χ
