2900 5020
221 247 348 330 tlt*
488 262 593 324 soors
610 262 902 337 concursio-nnn
920 265 992 324 ru.
1016 269 1115 326 nxrr.
1407 263 1412 343 ι

250 409 297 464 ¹¹³7
350 454 354 481 ι
504 395 727 482 Tium.
779 409 840 484 De
864 415 1083 508 nepotibus.

237 526 251 545 ”
282 522 412 625 'iicpos
441 541 554 604 amisso
587 552 677 628 patre
704 564 779 605 oum
807 545 904 606 rebus
930 545 1092 608 omnibns
1123 548 1171 610 ad
1199 547 1258 608 avi
1284 550 1365 612 ordi·

222 627 385 689 nationem
409 627 461 688 rel
477 626 733 690 sollicitudinem
757 627 965 689 conferatur:
999 650 1040 690 ca
1065 637 1190 692 lamen
1220 631 1364 713 ratione,

221 711 249 772 si
276 720 379 771 mater
400 709 470 772 eius
492 710 648 772 secundas
672 711 799 791 nuptias
824 711 1000 772 crediderit
1029 711 1235 795 eligendas.
1281 718 1364 780 Cete-

220 800 296 856 rutn
310 794 346 854 si·
370 793 494 856 nubere
518 793 622 855 electa
643 793 787 854 castitate
810 794 985 874 distulerit,
1008 795 1076 856 lilii
1101 817 1187 858 oum
1210 799 1303 860 omni
1321 803 1364 863 fa-

222 877 342 938 cultate
375 877 409 936 in
438 876 507 938 eius
529 876 644 938 solatio
667 886 699 938 et
719 884 875 960 potestate
899 878 1099 944 consistant.

248 996 340 1070 Tm.
367 993 454 1064 LX.
505 995 564 1064 De
582 995 798 1064 adhibendis
823 997 1066 1067 donationum
1095 998 1341 1076 testimoniis.

244 1129 247 1136 ’
303 1125 333 1193 1.
375 1126 535 1204 Quotiens
562 1123 596 1184 in
620 1123 872 1208 quibuscunque
900 1128 1038 1209 negotiis
1064 1129 1293 1192 consuetudo
1315 1153 1361 1190 an·

222 1209 313 1297 tiqua
334 1209 523 1292 negligitur,
546 1228 678 1270 necesse
699 1219 747 1270 est
770 1217 806 1268 nt
830 1231 915 1270 nova
936 1210 1008 1293 lege
1036 1211 1176 1274 futuris
1209 1213 1359 1296 tempori-

222 1293 283 1355 bus
305 1292 503 1354 consulatur.
555 1291 598 1352 Et
621 1288 697 1371 qnia
719 1291 844 1372 aliquos
865 1291 1084 1354 Barbarorum
1108 1315 1178 1378 per
1204 1296 1290 1358 duos
1312 1305 1359 1356 aut

222 1387 288 1438 tres
309 1381 408 1436 testes
429 1374 571 1440 conlatas
593 1373 654 1434 sibi
675 1374 728 1436 vel
750 1373 933 1436 donationis
955 1376 1008 1440 vel
1028 1377 1241 1439 hereditatis
1266 1378 1356 1438 nomi-

223 1481 265 1520 nc
291 1458 474 1535 facultates,
495 1459 647 1521 adversus
669 1477 793 1518 morem
813 1467 961 1520 veterum
983 1480 1152 1543 usurpare
1177 1461 1271 1522 velle
1287 1482 1356 1542 cog·

225 1539 397 1622 novimus,
429 1562 541 1603 eornm
570 1539 719 1622 primitus
749 1541 1046 1624 praesumptionem
1079 1545 1261 1624 praesenti
1291 1544 1354 1624 lege

224 1623 425 1709 corrigimus,
448 1623 693 1698 constituentes,
725 1644 766 1684 ne
795 1631 858 1684 tam
882 1625 993 1708 paucis
1016 1626 1164 1687 testibus
1191 1627 1352 1688 commissa

223 1709 275 1787 res
299 1707 413 1770 valeat.
461 1707 612 1768 Ceterum
638 1705 664 1768 si
693 1705 765 1788 quis
787 1705 939 1789 posthaec
968 1707 1136 1770 Barbarus
1159 1710 1221 1774 ,vel
1250 1708 1351 1770 testari

223 1785 376 1868 voluerit,
398 1790 452 1851 vel
476 1789 597 1852 donare
616 1798 671 1850 aut
700 1789 877 1849 Romanam
896 1791 1192 1870 consuetudinem,
1210 1800 1268 1854 aut
1282 1793 1347 1850 Bar-

222 1873 363 1946 baricum
382 1894 450 1934 esse
476 1872 664 1934 servandam
696 1871 792 1951 sciat,
814 1872 842 1934 si
864 1873 934 1936 vult
959 1875 1086 1956 aliquid
1108 1874 1279 1936 firmitatis
1301 1871 1349 1930 ha·

222 1957 300 2019 berc
323 1955 411 2038 quod
442 1956 591 2038 gesserit,
623 1955 656 2016 id
685 1965 752 2032 est,
778 1963 832 2015 aut
855 1955 1022 2040 scripturis
1050 1957 1239 2040 legitimis,
1267 1953 1345 2038 qnod

222 2039 335 2122 largiri
358 2038 544 2121 cuicunque
572 2038 723 2115 voluerit,
745 2047 911 2100 teneatur:
933 2049 989 2100 aut
1011 2049 1102 2101 certe
1133 2042 1287 2122 quinque
1305 2038 1346 2096 in·

223 2143 404 2207 genuorum
431 2122 629 2199 testimonio,
656 2121 745 2204 quod
768 2121 932 2183 dimittere
953 2122 1100 2183 voluerit
1126 2126 1185 2184 vel
1211 2123 1342 2195 donare,

223 2205 325 2266 robur
350 2204 504 2290 accipiat,
527 2215 562 2268 et
591 2205 624 2264 in
650 2206 744 2282 cius,
776 2204 829 2266 cui
854 2225 907 2270 res
934 2205 1090 2288 deputata
1119 2206 1253 2283 fuerit,
1280 2204 1343 2262 iura

223 2287 423 2370 commigret.

306 2371 350 2436 ΙΙ.
392 2371 537 2432 Libertos
559 2370 666 2449 etiam,
688 2369 713 2432 si
735 2367 923 2452 ¹competens
946 2370 1174 2456 ingenuorum
1194 2386 1340 2430 numerus

222 2453 375 2532 defuerit,
405 2455 547 2538 patimur
568 2453 788 2516 testimonium
809 2451 992 2536 perhibere.

309 2536 373 2599 111.
414 2539 495 2598 Nam
513 2547 544 2598 et
561 2537 647 2598 inter
662 2534 821 2619 ingenuos
843 2536 938 2596 etiam
962 2553 1136 2600 servornm
1160 2543 1338 2598 nostrorum

222 2629 352 2703 oportet
371 2620 594 2684 testimoninm
615 2620 756 2690 admitti;
780 2620 953 2682 dummodo
974 2622 1150 2705 compositi
1169 2630 1268 2682 testes
1284 2637 1338 2675 ma·

223 2719 270 2765 nu
299 2701 386 2782 eius,
410 2705 467 2786 qui
491 2702 652 2766 dimittere
679 2701 803 2783 aliquid
832 2702 973 2762 voluerit
992 2706 1045 2764 vel
1071 2699 1211 2769 donare.

305 2785 365 2849 IV.
393 2786 459 2848 Aut
475 2786 501 2850 si
523 2787 701 2848 testimonii
723 2786 801 2847 fides
818 2793 917 2846 tracta
929 2785 1053 2865 fnisset,
1074 2785 1337 2848 secundumcon-

223 2870 430 2939 suetudinem
451 2878 483 2948 z)
505 2869 719 2932 Barbarorum
738 2868 891 2952 praebeat
912 2868 1151 2932 iusiurandum.

247 2990 339 3060 Tm.
367 2988 468 3058 LXI.
519 2989 578 3058 De
605 2987 845 3074 mulieribus,
882 3007 975 3079 queo
1011 3001 1140 3082 sponte
1176 2989 1224 3058 ad
1249 2983 1314 3061 viri

606 3090 742 3157 coitum
768 3087 945 3160 venerint

307 3218 532 3298 Quaecunque
566 3216 686 3277 mulier
718 3215 850 3277 natione
886 3215 1020 3275 barbara
1051 3215 1092 3276 ad
1121 3214 1187 3277 viri
1222 3209 1331 3302 coitum

224 3309 402 3382 spontanea
427 3301 594 3360 voluntate
623 3301 706 3361 forte
733 3299 943 3378 convenerit,
969 3298 1116 3381 nuptiale
1142 3294 1282 3382 pretium
1300 3307 1328 3347 ιιι

223 3382 375 3464 simplum
406 3391 530 3443 tantum
557 3383 626 3444 eius
649 3382 838 3467 parentibus
865 3381 1079 3445 dissolvatur:
1107 3389 1139 3442 et
1162 3381 1200 3458 is,
1222 3374 1272 3439 cui
1286 3370 1330 3431 ad·
1409 3433 1414 3481 ί

223 3464 335 3526 ulterii
360 3465 483 3526 dicitnr
503 3467 656 3528 societate
678 3465 853 3549 permixta,
876 3465 1007 3527 alterius
1036 3465 1242 3549 postmodum
1263 3473 1329 3518 con·
1416 3495 1417 3510 ι

224 3548 314 3632 iugio
336 3555 372 3624 a)
393 3549 421 3611 si
436 3550 579 3613 voluerit
599 3549 751 3616 societur.
1410 3494 1415 3661 i

473 3668 563 3738 TIT.
589 3668 711 3738 LXII.
772 3668 830 3737 De
856 3665 939 3738 liliis
964 3667 1091 3736 unicis.
1413 3687 1417 3772 p

309 3799 335 3861 I.
376 3797 481 3860 Filius
499 3779 619 3860 ⁴cinicus
639 3796 795 3858 defuncto
821 3787 912 3878 patre
939 3795 1065 3856 tertiam
1091 3804 1216 3876 partem
1238 3779 1328 3848 facul·
1409 3853 1411 3871 Ι

226 3880 298 3946 tatis
323 3881 417 3944 matri
448 3880 603 3942 utendam
625 3879 807 3964 relinquat;
836 3877 863 3940 si
893 3886 999 3952 tamen
1022 3879 1174 3940 maritum
1201 3872 1325 3935 alterum

227 3975 293 4028 non
317 3965 490 4050 acceperit.
965 3962 969 3974 “
1202 3979 1205 3982 ·

227 4117 663 4134 mnu—fi*

253 4245 258 4258 ¹
295 4175 326 4240 s)
345 4173 386 4228 Al.
406 4173 635 4226 constitutionem.
687 4169 717 4240 a)
735 4167 776 4223 dl
796 4185 856 4225 mss.
873 4168 914 4224 ad
929 4171 1045 4248 alterius
1059 4156 1327 4255 postmodumdconiu·

228 4259 312 4314 grum.
390 4289 399 4310 ,
830 4265 833 4272 ·
1242 4275 1246 4284 ι
