2900 5020
206 229 280 308 eeu
519 245 623 303 neers
641 244 1009 304 re1srouuu1r1r.·rn

205 388 389 464 misouerit,
418 393 601 468 eomponat
630 381 670 449 ad
696 395 821 469 putem
838 390 931 473 segis
952 385 1180 471 Weregildum
1211 411 1325 459 suum.

204 476 274 538 Hoc
303 470 422 537 nobilis
448 477 481 530 et
506 467 608 528 libera
628 467 757 532 faciant.
1002 534 1006 557 1
1032 521 1035 528 .
1157 533 1160 540 .

284 552 332 618 lt:
371 552 443 614 Lita
464 569 541 611 vero
560 549 601 612 ad
622 561 747 635 partem,
766 553 890 616 domini
910 553 970 618 sni.
1031 557 1047 636 ἰ
1142 552 1148 568 ’
1221 568 1224 576 ·

283 635 347 705 111.
389 635 422 694 Si
443 653 520 694 vero
543 629 662 692 aneilla
684 640 717 693 et
744 633 836 722 virgo
861 647 943 716 erat,
973 632 1133 736 eumque
1152 634 1321 723 'quislibet

201 721 300 785 llbmo
321 715 505 780 moechatus
535 723 599 794 est,
622 729 791 800 componat
808 721 853 797 is,
883 719 939 806 qul
962 741 1031 780 eam
1052 714 1186 800 erlarii,
1201 713 1319 783 ''d'omL

202 824 247 868 no
269 801 337 867 eius
360 798 479 863 solidos
500 793 557 858 IV.
578 795 641 858 hoo
666 805 713 857 est
737 801 887 864 denaiios
907 794 993 863 Xll.¹
1086 802 1089 817 '
1122 803 1151 819 ''
1271 807 1274 821 ¹

283 888 342 950 IV.
385 885 420 947 Si
447 891 553 943 autem
583 879 622 940 ab
648 879 764 970 aliop)
784 885 875 970 peius,
895 885 959 949 fuit
986 891 1208 970 constuprata,
1231 886 1317 950 soli·

200 971 257 1036 dos
281 969 341 1032 111.

222 1121 225 1128 ,
267 1050 325 1128 V.
368 1049 403 1114 Si
427 1065 505 1114 vero
527 1050 643 1114 tertius
665 1047 722 1112 hic
749 1053 835 1126 eret,
865 1045 923 1133 qui
952 1057 1032 1112 tune
1053 1069 1128 1121 eam
1155 1050 1314 1135 violavit,

200 1135 281 1199 duos
301 1131 432 1199 solidos.

284 1215 342 1278 Vl.
384 1213 418 1276 Si
445 1235 524 1277 vero
550 1222 703 1298 quartus,
723 1211 864 1276 solidum
884 1228 997 1276 unum.
1175 1277 1178 1286 ,

269 1291 373 1362 -v11.‘
400 1297 435 1358 Si
463 1298 615 1393 quintus,
659 1295 838 1360 tremissem
870 1314 994 1372 unum,
1033 1305 1067 1360 et
1097 1306 1312 1383 quotcunque

197 1388 309 1466 postea
331 1389 543 1456 accesserint,
564 1377 744 1442 tremissem
768 1397 871 1440 unum
893 1386 1020 1440 tentum
1045 1391 1234 1465 componat,
1273 1382 1313 1446 id

199 1473 264 1543 est,
292 1464 345 1528 cul
370 1461 464 1524 abilis
484 1462 675 1526 tremissem.

281 1485 374 1612 vui.
416 1545 450 1606 si
473 1545 545 1630 quis
566 1545 707 1626 puellam
732 1541 891 1624 virginem
905 1542 1069 1623 rapuerit,
1102 1553 1135 1606 et
1156 1543 1311 1608 violatam

198 1627 382 1704 demiserit,
415 1635 587 1708 componat
607 1625 637 1688 ei
656 1625 880 1707 Weregiislum
905 1624 992 1704 eins,
1013 1625 1081 1686 sive
1101 1625 1219 1688 nobilis
1236 1629 1309 1692 sive

197 1709 300 1788 littere
318 1709 418 1774 fuerit
439 1709 478 1770 ad
496 1707 761 1784 satisfactionem,
783 1717 815 1768 et
835 1707 875 1768 arl
893 1717 1016 1789 partem
1035 1709 1132 1791 Regis
1146 1709 1310 1776 similiter.

180 1843 183 1855 .
228 1848 230 1857 ,
278 1789 340 1856 lX.
382 1790 529 1852 Tertium
552 1789 774 1871 weregildum
801 1788 903 1872 patri,
925 1790 991 1852 sive
1013 1792 1111 1852 tutori
1132 1792 1272 1874 puellae.

279 1873 317 1940 X.
359 1873 392 1938 Si
423 1893 500 1936 vero
528 1873 638 1954 puella
662 1873 719 1932 lite
747 1873 865 1948 fuerit,
899 1872 1070 1936 satisfaciet
1098 1873 1129 1934 ei
1155 1874 1308 1942 similitor

194 1957 358 2036 solutione
377 1955 559 2038 Weregildi
577 1955 645 2035 sui,
668 1963 701 2018 et
721 1955 853 2018 domiuo
875 1952 944 2018 eius
960 1954 1073 2018 desem
1084 1956 1204 2020 solidos
1213 1978 1305 2019 eom·
1427 2003 1428 2028 ,

195 2051 304 2126 PWV·
401 2115 408 2131 .
446 2118 453 2132 .
685 2116 692 2131 .

202 2178 218 2197 ,,
278 2119 333 2184 XL
374 2119 411 2183 Si
431 2119 566 2180 liberam
596 2120 771 2184 foeminam
799 2126 890 2180 extra
913 2118 1305 2204 voluntatemperentum

196 2203 283 2286 eins,
312 2201 366 2266 vel
387 2221 517 2281 eornm,
545 2202 603 2282 qni
629 2209 816 2284 potestatem
835 2198 904 2262 eins
930 2201 1070 2280 habent,
1092 2225 1227 2272 uxorem
1244 2206 1306 2266 du·

194 2287 299 2364 gerit,
326 2293 498 2362 componat
521 2286 618 2345 tutori
650 2284 719 2344 eius
745 2283 838 2348 solid.
860 2282 935 2344 XX.
953 2284 986 2344 id
1006 2293 1054 2346 est
1074 2286 1303 2356 denariole.

275 2362 348 2432 Xll.
389 2367 422 2426 Si
442 2375 551 2426 eutem
576 2364 694 2427 nobilis
718 2375 806 2443 erat,
838 2364 979 2428 foemina
999 2369 1058 2428 sol.
1087 2368 1190 2430 XXX.

275 2447 367 2510 Xlll.
410 2447 523 2512 silita
544 2449 660 2527 fuerit,
695 2447 789 2510 solid.
814 2446 857 2513 X.
877 2447 1008 2510 domino
1029 2448 1099 2512 eius
1116 2452 1301 2534 persolvere

191 2540 334 2614 cogatur.
1096 2591 1098 2596 ¹

261 2613 338 2672 luter
354 2612 496 2668 baubaehi
515 2622 543 2666 et
559 2613 690 2666 Wisaram
705 2611 818 2668 flurium
835 2613 899 2666 talis
917 2620 958 2666 est
976 2614 1156 2668 consuetudo.

274 2680 363 2751 XIV.
403 2685 438 2744 Si
459 2683 578 2746 nobilis
599 2703 657 2744 seu
679 2683 764 2743 liber
780 2682 890 2766 ,libero
909 2685 942 2743 ri
969 2685 1094 2766 aliquid
1114 2683 1302 2764 abstulerit,

193 2775 248 2840 ent
273 2758 395 2852 lissum,
417 2776 472 2827 ant
498 2765 587 2826 aliud
614 2764 719 2826 simile
744 2765 777 2824 in
803 2764 911 2826 locum
930 2765 1093 2844 restituat,
1126 2776 1157 2827 et
1178 2766 1300 2836 XXIV.

192 2846 286 2914 solid.
307 2871 365 2930 pro
393 2847 469 2910 facti
487 2849 609 2909 scelere
632 2855 820 2928 componat,
842 2857 875 2908 et
895 2847 1121 2930 Weregildnm
1139 2870 1234 2910 suum
1257 2849 1300 2912 ad

191 2943 316 3018 partem
336 2932 430 3012 Regis
454 2940 587 3011 cogatur
611 2930 787 2990 exsolvere.

274 3013 345 3075 XV.
388 3013 421 3074 Si
451 3024 556 3074 autem
581 3011 699 3073 nobilis
723 3011 777 3074 vel
799 3011 883 3074 lilrer
912 3012 1015 3074 nobili
1035 3012 1069 3074 vi
1099 3011 1223 3095 aliquid
1246 3013 1300 3074 ab-

191 3095 337 3172 stulerit,
383 3095 553 3156 medietate
595 3093 707 3153 maiori
746 3093 977 3177 compositione
1008 3093 1134 3162 facinus
1166 3104 1299 3178 cogatur

189 3173 380 3323 {ruendum
394 3185 435 3318 let
457 3176 682 3258 Weregildum
705 3198 818 3256 snum,
855 3186 892 3238 ut
916 3178 1082 3260 superius,
1111 3177 1151 3239 ed
1174 3188 1297 3261 partem

220 3281 235 3320 e
261 3260 285 3320 is
315 3268 468 3322 exserat.
731 3301 734 3306 .

239 3281 362 3406 gXVI.
404 3343 495 3402 Inter
516 3337 589 3399 litos
613 3338 662 3402 ris
685 3341 786 3420 faeta,
813 3339 984 3402 medietate
1016 3340 1135 3402 minori
1164 3363 1293 3425 eompu-

189 3423 305 3488 sitione
327 3429 361 3515 ᾳ.)
381 3421 535 3484 solvenda
556 3430 612 3484 est.
653 3423 790 3506 Insuper
809 3423 1034 3505 Weregildum
1057 3445 1151 3486 suum
1168 3425 1209 3486 ad
1226 3445 1296 3509 par·

191 3516 259 3569 tem
284 3527 318 3566 re
344 3526 378 3565 rs.

270 3527 372 3648 XVlI.
414 3586 448 3646 Si
483 3608 593 3648 servus
620 3585 654 3647 vi
683 3584 807 3666 aliquid
838 3586 1021 3666 sustulerit,
1054 3589 1202 3654 dominus
1226 3587 1296 3650 eius

189 3691 249 3754 pro
278 3671 337 3730 illo
363 3667 573 3750 quantitatem
600 3669 647 3729 rei
672 3669 813 3729 sublatae
834 3677 867 3741 r)
904 3680 1091 3750 componat,
1119 3670 1204 3732 ausi
1224 3667 1292 3750 ipse

191 3752 391 3828 sustulisset,
421 3760 453 3812 et
477 3773 535 3832 pro
560 3750 749 3834 Weregildo
772 3751 856 3812 servi
874 3749 931 3816 IV.
948 3753 1042 3819 solid.
1062 3752 1125 3816 hoe
1148 3761 1212 3831 est,
1234 3749 1294 3812 de-

190 3834 297 3898 uarios
318 3834 394 3901 XII.
415 3833 454 3896 ad
475 3842 598 3917 partem
622 3833 707 3916 regis
735 3844 913 3916 oomponet.

221 4141 286 4265 Met)
305 4138 562 4216 thuribulique.
593 4151 596 4159 '
619 4137 649 4214 q)
667 4140 743 4196 lind.
761 4143 876 4198 minoris
894 4145 1105 4214 compositionis
1141 4146 1193 4217 ’ἢ
1211 4147 1294 4205 tint

187 4231 219 4268 Sit
251 4232 267 4264 tt
282 4231 334 4265 am.
1048 4244 1052 4252 ¹
1169 4243 1172 4250 ’
