2876 4992
628 251 696 309 LEX
725 256 851 312 suntet

227 412 280 480 71.
304 393 354 457 De
373 398 498 464 homine
519 399 668 463 inthoste
683 399 797 461 occiso.-
911 423 915 428 ·

226 498 278 562 7²·
306 479 355 540 De
378 483 603 568 compositione
619 480 795 546 homicidii.
1100 555 1103 562 ¹

227 561 278 642 75.
300 560 350 623 De
368 567 492 629 homine
509 567 547 629 ab
568 565 707 634 inimicis¹
722 575 866 626 truncato
890 572 1007 646 etpost
1025 557 1253 646 intersectum„

225 645 275 727 74.
302 647 351 708 De
376 653 500 712 homine
529 647 569 708 de
589 649 686 726 burgo
704 645 817 707 uelde
829 645 929 727 furca
948 645 1089 726 dimisso.

227 727 276 808 75.
303 731 353 790 De
368 735 531 818 expoliata
545 732 685 796 ecclesia.

224 811 275 892 76.
303 813 351 872 De
363 818 492 878 basilica
510 812 689 877 incenduta.

225 915 274 975 77.
303 895 351 956 De
366 899 563 974 Presbyteris
582 895 630 956 vel
643 891 834 962 Diacouibus
854 892 1038 977 intersertis.

225 977 275 1058 78.
301 977 351 1037 De
370 984 503 1063 Reipuse
518 993 552 1040 ut
571 979 649 1040 solet
663 977 755 1039 homo
774 977 857 1037 mori
871 990 902 1040 et
923 977 1049 1040 viduum
1064 974 1231 1044 dimiserit.

222 1079 274 1140 79.
302 1060 351 1120 De
366 1063 583 1143 migrantibus.

221 1143 272 1204 80.
301 1142 350 1202 De
367 1145 558 1226 affueruntie.

220 1225 272 1287 81.
301 1224 423 1312 Defilo
442 1242 537 1293 torto.

220 1308 273 1370 82.
299 1305 348 1366 De
355 1311 445 1392 falso
463 1311 652 1374 testimonio.
1159 1383 1162 1390 Ι

220 1391 272 1456 83.
301 1388 339 1449 Si
356 1395 425 1474 quis
448 1394 545 1456 alicui
556 1390 661 1471 fuerit
678 1390 864 1474 imputatum
878 1389 1081 1473 periurasset.

219 1471 272 1550 84.
299 1473 350 1534 De
364 1478 492 1540 testibus
510 1478 566 1558 qui
582 1473 816 1536 necessitutibus
839 1473 986 1538 habuerit
1009 1475 1097 1540 clare.

219 1553 271 1619 85.
301 1555 348 1616 De
353 1557 446 1644 fides
456 1557 568 1640 sactis.
600 1591 603 1596 ·
748 1613 750 1617 .
1199 1635 1201 1640 Ι
1248 1633 1250 1638 Ι

218 1635 270 1702 86.
296 1637 347 1699 De
368 1663 405 1703 eo
428 1642 484 1725 qui
499 1638 683 1725 Grafiouem
705 1636 752 1701 ad
769 1656 820 1700 ree
837 1636 958 1700 unum
970 1635 1084 1702 iniuste
1103 1631 1297 1704 invitaverit

145 1759 147 1764 ·
219 1721 270 1800 87.
296 1720 347 1781 De
363 1735 604 1807 rempraestuta.

218 1803 271 1868 88.
298 1803 349 1866 De
366 1827 462 1870 uranu
485 1804 526 1866 de
549 1821 646 1870 aeneo
669 1800 864 1872 redimenda.

218 1886 270 1968 89.
295 1883 347 1947 De
365 1909 403 1951 eo
423 1890 478 1974 qui
500 1885 683 1973 Grafiouem
702 1886 865 1950 oceirserit

216 1989 270 2053 90·
295 1968 348 2030 De
360 1991 413 2052 eo,
433 1970 489 2055 qui
505 1969 551 2032 ad
562 1969 691 2032 muttum
705 1969 815 2032 venire
833 1970 1062 2056 contempserit.

217 2072 270 2135 9¹·
298 2054 349 2114 De
362 2053 600 2135 Rucimburgiir.

217 2153 270 2216 9²·
297 2135 348 2196 De
368 2137 481 2200 alodis.

216 2216 269 2300 93.
297 2217 347 2278 De
362 2238 418 2299 eo,
434 2220 491 2305 qui
509 2237 542 2280 re
568 2213 609 2280 de
631 2209 803 2304 parentilla
820 2214 931 2281 tollere
946 2217 1026 2283 uult.

215 2297 270 2381 94.
297 2299 347 2360 De
367 2322 495 2369 aroenu.
611 2367 613 2372 ,

215 2379 270 2464 95.
296 2382 347 2442 De
362 2385 535 2465 ereburgio.

216 2461 269 2546 96.
295 2463 345 2525 De
360 2486 410 2540 eo,
430 2465 567 2551 quifilia
584 2463 689 2527 alienu
703 2465 899 2551 sponsaverit
916 2477 948 2527 et
967 2485 1000 2525 re
1021 2465 1205 2533 retraxerit.

217 2565 269 2628 97.
297 2549 347 2608 De
366 2569 402 2610 eo
418 2551 474 2634 qui
488 2549 621 2608 aiterum
634 2550 669 2609 in
682 2561 810 2633 puteum
824 2559 879 2612 aut
893 2550 928 2610 in
937 2549 1085 2633 pelagum
1099 2547 1292 2634 inpinnerit.

189 2619 193 2642 ¹
219 2627 272 2709 98.
297 2631 347 2691 De
362 2643 447 2694 ternu
473 2629 690 2699 condemnata.
925 2674 927 2682 ι

218 2729 271 2792 99.
298 2713 348 2774 De
361 2713 492 2775 crimine
512 2709 670 2798 crudeque
693 2731 890 2799 paganorum
907 2723 1046 2799 ternpore
1070 2712 1291 2781 observabunt.

203 2805 272 2863 too.
302 2795 463 2881 Incipiunt
483 2794 632 2858 chunna&
