2900 5020
388 311 492 372 mers
510 302 796 371 aoaoonmoaon
812 301 888 374 riri
904 297 1020 370 xxxii?
1169 273 1247 370 dli

204 457 266 526 H.
308 458 344 520 Si
369 458 442 538 quis
463 477 540 518 vero
565 455 710 516 arborem
723 453 932 515 'fructiferam
955 454 995 514 in'
1014 437 1249 540 atiens'syt-'rai‘'

140 561 206 604 non
227 538 596 625 permittentadomim,
615 539 745 598 fortasse
766 536 927 616 inciderit,
952 558 1013 620 per
1037 537 1178 620 singulas
1192 563 1240 599 ar*

138 625 249 704 bores,
273 643 351 706 quas
373 621 498 698 incidit,
523 620 666 701 singulos
689 619 808 680 solidos
834 618 964 680 domino
984 620 1098 702 sylvae,
1112 621 1239 720 inlprat.

139 707 247 782 Quod
266 707 361 767 etiam
392 704 430 764 de
458 702 542 782 pinis
569 712 602 763 et
633 699 790 764 abietibus
825 703 1037 785 praecipimus
1073 704 1238 782 custodiri.

140 789 240 865 Quod
269 788 297 852 si
323 807 433 848 servus
460 785 522 844 hoo
552 782 688 854 feccrit,
716 783 910 866 fustigetur:
943 794 976 846 et
997 785 1145 847 dominus
1170 781 1247 858 eius*

141 871 271 934 nullum
299 870 449 931 damnum
472 875 528 926 aot
552 865 742 927 calumniam
764 865 912 948 patiatur,
1243 937 1248 954 ,

225 953 284 1014 ΠΙ.
325 949 360 1012 Si
389 951 462 1030 quis
492 969 571 1010 vero
605 969 800 1030 quemquam
835 947 875 1008 de
911 945 1079 1011 iacentivis
1111 957 1144 1010 et
1172 971 1251 1024 non,

142 1034 320 1099 fructiferis
345 1032 510 1092 arboribus
536 1030 661 1112 lignum
689 1031 798 1090 usibus
828 1029 893 1090 suis
920 1031 1133 1092 necessarium
1150 1033 1250 1114 prae·⁴

141 1138 268 1180 sumere
291 1117 421 1176 fortasse
451 1135 515 1173 non
547 1111 743 1194 permiserit,
772 1133 808 1172 ao
835 1111 877 1172 sir
895 1112 926 1172 ei
954 1115 1087 1195 pignora
1109 1115 1238 1192 tulerit,

143 1198 297 1262 restitutis
318 1197 357 1276 in
386 1196 519 1280 triplum
550 1193 767 1278 pignoribus,
795 1193 913 1256 inferat
940 1199 1078 1260 mulctae
1104 1197 1252 1282 ¹nominc¹¹

142 1281 262 1345 solidos
282 1300 349 1341 sex.
1133 1295 1136 1297 ·
1215 1278 1230 1288 '¹

142 1435 234 1506 Tlr.
268 1432 430 1504 XXIX.¹
479 1431 536 1503 De
566 1427 884 1526 superventoribns
915 1443 951 1504 et
974 1429 1253 1509 effractoribus·¹

223 1563 250 1630 I.
295 1562 329 1626 Si
351 1563 422 1644 quis
444 1571 639 1644 superventu
662 1569 716 1621 aut
737 1561 897 1623 latrocinii
920 1562 1041 1625 scelere
1065 1561 1238 1645 negotiato-
1346 1635 1347 1638 Ἴ

134 1669 211 1710 rem
231 1645 445 1728 autaliquem
467 1643 632 1720 occiderit,
653 1643 834 1704 occidatur:
863 1644 907 1705 ita
929 1654 964 1704 ut
980 1645 1006 1707 si
1028 1666 1065 1706 ea
1084 1667 1167 1728 quae
1185 1645 1254 1711 ,ab-3

143 1729 234 1792 stulit
255 1750 322 1791 nou
347 1727 513 1808 potuerint
527 1725 668 1790 inveniri
684 1727 729 1804 t),
751 1727 786 1788 in
811 1726 961 1810 simplum
977 1729 1017 1790 de
1039 1727 1106 1790 suis
1132 1729 1238 1790 facul-

143 1811 261 1874 tatibus
288 1811 492 1872 reformetur.

130 1953 131 1957 ,
226 1891 268 1960 ΙΙ.
310 1893 407 1969 Quod
432 1891 459 1952 si
480 1899 709 1974 superventum
732 1887 887 1967 inferens,
909 1891 947 1952 ab
964 1889 1014 1952 bis
1032 1911 1112 1973 quos
1137 1885 1258 1952 latro?

141 1974 231 2038 cinio
252 1997 309 2036 suo
330 1974 508 2036 crediderat
528 1973 723 2054 expetendos
744 1972 843 2033 fuerit
863 1974 1061 2049 interfectus,
1083 1973 1256 2037 nullatus-23

143 2056 368 2120 terfectoribus
394 2056 432 2116 ab
457 2053 554 2117 occisi
575 2054 711 2116 dominis
729 2064 784 2114 aut
802 2057 988 2138 parentibus
1009 2063 1175 2117 moveatur
1198 2075 1256 2122 exi

144 2140 205 2200 hac
229 2148 318 2222 parto
339 2139 488 2203 causatio.

225 2223 287 2286 ΙΙΙ.
327 2217 516 2282 Effractores
534 2239 642 2280 omncs
653 2262 662 2295 ‚
690 2217 748 2300 qui
768 2226 823 2281 aut
851 2221 962 2284 domus
989 2230 1045 2283 aut
1064 2217 1183 2282 scrinia
1195 2219 1258 2298 ,lbi

141 2303 319 2391 expoliant,
340 2304 484 2366 iuhemus
507 2302 619 2364 occidi.
1225 2351 1227 2358 .
1255 2335 1260 2368 ς

306 2421 396 2491 Tra.
422 2421 548 2490 XXX.
574 2421 631 2489 De
655 2421 833 2514 corruptis
856 2419 1081 2499 mulieribus,

224 2547 419 2630 Quicunque
440 2547 600 2630 ingenuus
622 2547 757 2610 ancillae
778 2547 965 2610 violentiam
983 2547 1117 2626 fecerit,
1138 2557 1171 2610 et
1190 2547 1237 2612 vis
1257 2583 1261 2590 -

142 2630 283 2710 potuerit
303 2631 489 2712 adprobari,
518 2631 635 2692 inferat
656 2633 702 2707 ei,
732 2630 823 2692 cuius
844 2632 960 2692 ancilla
981 2643 1045 2706 est,
1073 2630 1132 2692 sol.
1160 2629 1260 2708 xla„

140 2712 391 2876 fdssiidipiidioc
413 2712 539 2791 fecerit,
561 2725 690 2777 centum
716 2713 951 2796 quinquaginta
970 2721 1018 2789 m)
1038 2707 1172 2774 sustinui
1194 2711 1238 2771 ic-¹

313 2911 401 2981 TIT.
434 2913 579 2984 XXXI.
629 2916 686 2986 De
714 2859 920 3010 plantandis
939 2901 1063 2989 vineis.
1157 2911 1160 2931 ³
1239 2905 1242 2914 ’

225 3036 250 3098 I.
292 3035 384 3102 Inter
404 3040 650 3124 Burgundiones
672 3054 705 3106 et
729 3047 885 3106 Romanos
915 3045 948 3107 id
970 3041 1152 3106 censuimus
1181 3036 1235 3102 ob·

141 3119 354 3198 servandum,
388 3125 629 3207 etquicunque
657 3127 690 3186 in
715 3127 877 3189 communi
905 3149 1016 3208 campo
1040 3125 1131 3186 nullo
1155 3135 1262 3184 conv!

143 3203 318 3264 tradicente
342 3203 469 3266 vineam
485 3207 616 3268 fortasse
639 3209 840 3288 plantaverit,
862 3209 1000 3271 similem
1022 3228 1167 3290 campum
1183 3204 1263 3272 illia

141 3285 299 3364 restituat,
321 3285 355 3345 in
377 3288 468 3350 cuius
489 3309 598 3368 campo
619 3292 745 3351 vineam
765 3291 880 3374 posuit.

224 3369 263 3432 11.
305 3368 339 3427 Si
360 3390 437 3430 vero
460 3378 531 3453 post
557 3373 761 3442 interdictum
792 3374 978 3455 quicunque
1000 3371 1034 3433 in
1056 3389 1165 3454 campo
1191 3373 1262 3458 al-,1

140 3447 240 3510 terius
257 3449 386 3512 *vineam
407 3454 551 3534 plantare
569 3455 823 3536 praesumpserit,
844 3453 986 3517 lahorem
1000 3476 1092 3518 suum
1111 3455 1234 3539 perdat,

142 3539 174 3591 ct
199 3532 324 3594 vineam
345 3533 435 3597 cuius
461 3545 509 3596 cst
537 3558 664 3620 campus
686 3537 830 3622 accipiat.

139 3678 231 3751 Tru.
261 3682 424 3756 XXXII.
474 3685 531 3756 De
563 3711 606 3758 eo
637 3688 699 3780 qui
722 3688 906 3758 hominem
933 3688 1069 3758 inlicite
1097 3699 1134 3758 et
1157 3688 1263 3757 sine«

523 3785 648 3856 ‘caussa
673 3787 848 3878 ligaverit.
1260 3785 1263 3793 ‘

139 3985 148 4000 ι
219 3907 254 3967 si
269 3908 341 3991 quis
353 3911 516 3976 hominem
529 3913 705 3996 ingenuum
722 3916 926 3978 innocentem
940 3914 1095 3998 ligaverit,
1116 3923 1149 3975 et
1168 3911 1230 3975 boc
1262 3892 1265 3902 ‚

137 4007 297 4072 ingenuus
316 3993 446 4074 lecerit,
476 3997 595 4060 inferat
622 4000 674 4078 ei,
706 4020 802 4082 quem
826 3998 993 4082 ligaverit,
1022 3997 1140 4059 solidos
1160 3998 1238 4061 xll,

159 4181 293 4252 k)›lll.
311 4201 373 4240 rasa
392 4190 513 4256 potuerit
537 4189 673 4245 invenire.
757 4189 1077 4260 incursarentur.
1149 4189 1185 4260 Μ)
1201 4179 1270 4267 “ilii

140 4265 322 4328 mr.,centum,
1215 4277 1220 4282 ’
