2906 5008
506 315 665 396 anonam
708 316 914 382 rassinoms
1093 347 1096 352 -
1178 291 1258 372 aas

206 617 208 622 ’
296 637 536 704 nannum
586 638 909 738 russii-,oms
950 640 1131 712 noem:

1126 738 1140 750 ..
1180 719 1250 756 tulli

237 787 328 850 Haec
357 801 429 849 sont
452 789 589 850 Decreta
619 809 704 872 qnae
732 789 892 850 constituit
920 803 1036 852 sanctu·
1053 779 1258 869 synodasdti

155 870 226 933 loco
257 872 311 951 qai
338 869 457 932 dicitnr
484 871 698 950 Dingolcinga
733 871 862 932 domino
896 873 1057 934 Tassilooc
1071 875 1268 954 vesaniunt&

143 1005 150 1014 ”
235 991 266 1050 1.
307 987 356 1048 De
377 985 429 1046 die
448 983 609 1046 dominico
626 984 669 1044 ita
690 985 898 1046 constitutum
920 995 984 1066 est,
1006 995 1043 1048 ut
1060 978 1116 1049 tali
1134 971 1258 1071 ho'ilop‘e

156 1070 331 1146 habeatur,
353 1070 435 1130 sicut
456 1069 489 1127 in
512 1068 583 1148 lege
606 1067 845 1149 scriptumest,
877 1077 909 1129 et
930 1069 962 1127 in
992 1063 1259 1136 decretisCan'oss·

158 1173 247 1218 num.
287 1153 330 1212 Et
356 1149 474 1232 siquis
499 1150 745 1232 praesumpserit
774 1151 922 1233 frangere
945 1160 1056 1211 contra
1079 1153 1183 1236 legem
1204 1167 1259 1233 ant

158 1235 285 1297 decreta
300 1252 479 1310 canonum,
501 1232 557 1290 tali
572 1251 693 1316 poenae
706 1231 868 1292 subiaceat
881 1232 964 1294 sicut
975 1233 1018 1293 ibi
1032 1236 1188 1318 scriptum'
1201 1236 1257 1308 est'.

188 1323 190 1330 “
237 1315 283 1378 1-1.
323 1317 373 1376 De
400 1314 594 1392 hereditate,
631 1335 712 1396 quae
747 1313 864 1374 tradita
894 1324 943 1376 est
979 1314 1017 1377 ad
1055 1314 1257 1413 Ecclesiam,

156 1399 200 1460 ita
226 1398 408 1474 constituit,
445 1405 483 1457 nt
506 1393 651 1478 quisquis
670 1394 882 1458 hereditatem
905 1419 992 1459 suam
1017 1397 1056 1460 ad
1080 1397 1259 1494 Ecclesiam

141 1491 229 1542 ‘ante
256 1481 456 1556 donaverat,
476 1485 535 1537 'aut
557 1488 665 1560 postea
688 1477 874 1557 donaverit,
902 1479 927 1541 si
954 1480 1032 1564 quid
1053 1491 1176 1546 mutare
1199 1467 1258 1560 vol·

154 1561 274 1639 luerit,
300 1561 441 1622 chartam
460 1581 548 1622 snam
567 1559 681 1620 haheat
701 1560 744 1620 ita
766 1561 930 1643 scriptam,
963 1572 1000 1624 nt
1018 1559 1144 1644 locum',
1175 1577 1258 1650 tem}

153 1665 214 1730 pus
243 1653 275 1705 et
304 1663 470 1726 personam
491 1642 626 1720 haheat,
660 1645 729 1715 (aut
749 1644 851 1704 tribus
871 1643 1003 1706 testibus
1030 1651 1067 1726 g)
1108 1638 1260 1730 fidelflleh

154 1738 187 1790 et
208 1726 370 1787 nobilibus
387 1725 584 1788 testificetur.
633 1724 667 1785 si
691 1726 837 1786 sacerdos
868 1747 932 1786 non
959 1725 1074 1789 haheat
1097 1724 1252 1806 chartatrl‘

157 1833 218 1872 nec
244 1818 376 1885 testem,
410 1818 445 1868 ut
476 1805 710 1891 praediximus,
737 1819 817 1869 tuno
845 1808 927 1870 sicut
954 1809 988 1870 in
1019 1811 1092 1894 lege
1118 1781 1257 1878 1ὶίἰείὲίὶῖἰ

156 1913 248 1954 orum
268 1889 367 1952 iudex
388 1888 526 1966 iudicat,
561 1888 616 1954 sie,
631 1889 792 1954 defendat.
1221 1965 1225 1973 .

236 1973 299 2034 111.
340 1974 389 2034 ne
411 1993 468 2048 eo,
495 1969 583 2054 quoa
603 1969 753 2053 apocopa
784 1973 873 2033 iuxta
895 1971 1063 2054 canones,
1094 1984 1126 2038 et
1142 1963 1254 2075 vaaa}

153 2065 203 2119 tes
231 2054 497 2116 monasteriorum
520 2053 610 2112 iuxta
629 2053 774 2135 regulam
798 2054 926 2133 vivant,
962 2056 1016 2130 ita
1038 2049 1242 2137 constituit'l

237 2137 298 2203 lV.
335 2137 384 2198 De
412 2155 470 2215 eo,
509 2135 598 2218 quod
626 2136 905 2214 sanctimoniales,
939 2138 1022 2221 quae
1056 2139 1090 2200 in
1121 2134 1254 2220 servitio'

154 2220 216 2284 Dei
237 2229 329 2297 suut,
352 2219 395 2279 ita
415 2217 598 2295 constituit,
625 2225 662 2276 ut
685 2219 793 2279 nullus
813 2241 905 2280 ausus
926 2222 965 2280 sit
997 2222 1030 2282 in
1066 2214 1254 2312 coniugium

156 2314 188 2366 et
216 2301 452 2362 matrimonium
479 2300 616 2378 ducere,
649 2309 704 2360 aut
732 2301 758 2361 si
784 2301 855 2382 quis
877 2323 970 2363 ausus
992 2305 1108 2386 fuerit,
1141 2297 1253 2388 contria

154 2387 283 2449 decreta
299 2386 484 2461 Cauonum,
517 2382 560 2442 ita
585 2391 756 2464 componat
771 2385 853 2444 siout
869 2385 1014 2446 Canones
1028 2387 1253 2456 decreverunt

235 2469 275 2534 V.
316 2470 365 2528 De
393 2487 448 2544 eo,
475 2463 563 2547 quod
592 2463 641 2524 ius
671 2485 707 2526 ao
731 2466 853 2547 legem,
891 2489 986 2550 quam
1011 2467 1194 2539 hahuerunt
1217 2475 1250 2537 i‘n

153 2551 266 2614 diebus
306 2548 404 2633 patris
439 2547 488 2609 sni
533 2541 656 2608 noliiles
689 2557 723 2608 et
761 2547 855 2609 liberi
897 2559 929 2612 et
965 2551 1051 2614 servi
1086 2555 1154 2618 eius
1191 2559 1252 2643 (lp

153 2634 327 2696 donaverat
350 2641 382 2692 et
405 2629 572 2692 constituit
593 2631 630 2697 h)
653 2638 687 2689 ut
712 2629 802 2689 firma
824 2631 924 2697 fieret.
1153 2697 1156 2705 ,
1217 2657 1222 2661 ·
1248 2641 1251 2650 ’

235 2715 290 2779 vl.
331 2715 380 2775 De
403 2735 441 2776 eo
474 2711 561 2793 quod
587 2719 624 2770 ut
651 2712 677 2772 si
704 2713 824 2794 quisi)
866 2713 905 2774 de
933 2715 1036 2778 nobili
1063 2709 1187 2800 genere
1204 2709 1251 2786 'de

151 2796 330 2858 hereditate
358 2817 414 2856 sua
450 2793 606 2855 voluisset
629 2794 658 2871 l)
694 2797 768 2856 dare
804 2793 843 2856 ad
880 2798 1096 2859 sanctuarium
1128 2805 1191 2864 Ilei
1210 2791 1249 2866 ⁴'iri

153 2901 210 2940 sna
231 2885 385 2960 potestate
412 2885 511 2954 esset,
541 2897 636 2937 nemo
664 2877 880 2961 prohibuisset
905 2879 931 2954 l)
959 2901 1019 2943 nec
1050 2894 1189 2947 mutaret
1208 2873 1250 2948 'in'

150 2968 354 3045 perpetuum,
1211 2983 1214 2990 ·
1242 2959 1248 2990 ³

233 3041 307 3104 VlI.
348 3042 397 3101 De
421 3061 482 3117 eo,
513 3040 601 3120 quod
626 3053 662 3105 ut
686 3043 769 3104 servi
801 3042 975 3124 principis,
1008 3047 1067 3127 qni
1098 3047 1251 3112 dicuntur

150 3121 427 3200 Adelschalom),
459 3143 552 3184 sunm
581 3122 718 3184 haheant
752 3127 984 3207 weregeldum,
1013 3128 1103 3190 iuxta
1127 3132 1250 3195 morell

150 3225 248 3286 quem
275 3204 457 3268 hahuerunt
488 3205 547 3266 sub
578 3207 762 3287 parentibus
791 3206 879 3286 eius,
923 3220 954 3270 et
982 3211 1082 3274 ceteri
1102 3213 1248 3279 minores

149 3287 322 3370 weregeldi
351 3287 440 3346 iuxta
466 3288 569 3370 legem
592 3309 697 3365 suam,
726 3289 769 3348 ita
796 3291 972 3353 constitnit.
1030 3303 1032 3312 ’

232 3369 324 3436 VIll.
366 3372 415 3430 De
456 3391 495 3432 eo
527 3370 615 3452 quod
654 3381 800 3450 parentes
833 3373 989 3454 principis
1027 3379 1245 3462 quodcunque

147 3453 336 3535 praestitum
358 3453 421 3512 suit
447 3452 609 3514 nobilibus
634 3452 721 3512 intra
756 3453 936 3526 Baioarios,
970 3456 1032 3520 hoe
1062 3463 1247 3543 constitnit,

150 3543 185 3594 ut
215 3543 434 3616 permaneret,
468 3545 500 3596 et
520 3545 601 3596 esset
628 3534 686 3595 suh
702 3543 855 3616 potestate
878 3537 1129 3624 uniuscuiusque
1148 3547 1248 3606 rolin.»

148 3617 314 3696 quendum
329 3617 483 3699 posteris,
507 3616 661 3699 quamdiu
683 3617 809 3678 stabiles
822 3619 952 3680 foedere
974 3635 1151 3686 servassent
1162 3629 1248 3708 apud

146 3699 325 3781 principem
352 3700 392 3760 ad
414 3698 618 3762 serviendum
640 3699 700 3760 sihi
712 3743 722 3777 ,
750 3699 879 3764 ethaeo
898 3701 988 3762 firma
1008 3719 1246 3788 permanerent,

148 3781 193 3839 ita
217 3782 391 3847 constituit.
829 3799 833 3804 ·

150 3923 558 3950 ιι--ι--ι-Ι-...ι-ς-..ι

212 4003 241 4074 g)
259 4004 300 4087 lll3
317 4022 376 4056 mss.
395 4023 455 4080 cum
478 4008 564 4060 tribus
590 4021 678 4091 arerem
706 4011 823 4063 testibus.
894 4011 924 4080 h)
941 4011 1017 4067 Lind.
1037 4017 1077 4068 ita
1093 4017 1244 4077 ordinavit.

145 4074 273 4196 lletlt
289 4073 562 4199 missalem
575 4078 849 4201 altatare}
886 4084 1178 4203 l¹·1¹¹¹⁸⁸··'“'‘³“‘²·²
1216 4093 1244 4163 '⁹³

443 4183 450 4194 .
509 4187 515 4199 .
654 4189 660 4200 .
772 4195 774 4199 .
822 4169 875 4219 po.
957 4153 1058 4222 ltmd.
1076 4160 1243 4227 prohiberet.

145 4213 237 4265 Editio
253 4215 409 4268 Velsem‘a’na
427 4214 482 4266 dno
495 4217 589 4268 verba:
609 4221 902 4291 nemoprohibuisret,
922 4223 1003 4299 plano
1021 4228 1128 4282 omittit.
1208 4233 1245 4304 ur)

146 4283 187 4335 Al.
207 4299 265 4337 mss.
285 4283 494 4348 Adelsclsalche,
519 4285 699 4344 Adalseaclra.
