2900 5020
273 293 352 376 638
523 314 627 374 necis
644 313 939 374 remunerentur«
963 317 1035 372 rin.
1054 318 1178 377 cxxvt.

273 493 276 500 »
351 457 422 520 ,ΠΒ
453 455 489 520 Si
507 455 580 538 quis
605 455 759 520 defuncta
776 475 878 520 uxore
902 477 980 530 sue,
1009 457 1050 521 de
1075 481 1144 541 qna
1177 458 1263 522 filios
1284 457 1377 540 babet,

274 542 314 608 ad
337 539 494 606 secundus
521 539 648 620 nuptias
668 539 752 617 ierit,
775 546 808 599 et
830 559 871 603 ex
893 559 931 600 ea
956 561 1087 623 quoque
1112 545 1257 606 muliere
1277 542 1377 608 habens

183 674 187 684 .
273 625 357 699 lilios
385 622 552 698 moriatur,
575 621 609 682 id
626 621 753 705 placuit
774 621 948 698 observari,
977 632 1014 684 ut
1034 624 1156 685 relicta
1179 626 1252 688 eius
1270 647 1329 686 non
1348 651 1377 688 ex

270 707 499 791 privignorum
522 725 653 766 suorum
678 702 826 785 portione
858 703 1038 786 quidquam
1060 706 1127 768 sibi
1157 709 1304 771 aestimet
1324 731 1376 772 esse

271 789 477 864 donandum,
509 787 568 850 sed
589 787 630 849 de
652 785 793 848 fitiorum
816 806 948 848 suorum
970 789 1175 872 proprietate
1200 792 1376 874 designatam

269 871 420 958 nuperius
443 870 579 953 accipiat
600 869 792 953 portionem.

320 1027 410 1100 Tur.
436 1020 595 1098 LXXV.
645 1019 705 1090 De
734 1017 938 1092 hereditate
971 1021 1069 1094 inter
1101 1033 1281 1119 nepotem
1305 1039 1337 1096 et

638 1121 785 1190 emitum
810 1119 1017 1192 dividenda.

351 1285 377 1351 l.
418 1285 555 1366 Oportet
569 1303 620 1345 eas
642 1302 751 1344 causas
771 1280 915 1365 prolatae
935 1282 1018 1365 legis
1034 1282 1202 1366 aequitate
1223 1283 1368 1366 distingui,

263 1387 351 1450 quae
375 1367 536 1452 prioribus
563 1385 630 1426 non
665 1366 825 1428 docentur
857 1366 1152 1428 constitutionibus
1181 1368 1367 1429 terminatae:

267 1472 310 1512 ne
329 1458 384 1512 aut
403 1449 540 1511 heredes
562 1448 597 1508 in
620 1447 781 1531 praesenti
797 1447 928 1528 negotio
952 1448 1100 1510 ordinem
1126 1449 1295 1512 adeundae
1307 1471 1363 1510 sue·

264 1532 421 1594 cessionis
442 1532 612 1612 ignorent,
649 1540 706 1593 aut
731 1528 894 1592 iudicibus
920 1540 1107 1614 competens
1129 1531 1246 1593 deesse
1273 1531 1362 1595 ridea-

264 1623 320 1676 tur
350 1613 530 1680 instructio.
571 1613 609 1674 ld
641 1613 729 1676 circo
757 1612 785 1674 si
824 1611 911 1674 filius
939 1623 1029 1698 patre
1060 1615 1239 1698 superstite
1263 1613 1361 1675 bahem

264 1697 351 1761 filios
380 1697 414 1758 in
437 1697 500 1756 lata
523 1694 723 1774 discesserit,
752 1714 961 1778 sororemque
983 1701 1024 1771 m)
1053 1697 1248 1780 reliquerit,
1279 1705 1307 1758 et
1323 1719 1360 1777 pa-

262 1789 317 1843 ter
335 1779 376 1843 ds
398 1800 465 1861 quo
490 1777 656 1859 loquimur
688 1778 829 1840 debitam
856 1777 925 1837 lilio
955 1778 1120 1842 facultatis
1152 1800 1229 1840 suae
1257 1778 1360 1839 dederit

264 1863 466 1947 portionem,
488 1868 522 1920 et
546 1881 586 1921 ex
603 1882 639 1922 ee
660 1883 744 1943 quae
767 1859 829 1944 ipsi
845 1861 1045 1944 competebat
1060 1862 1260 1924 substantiae
1275 1881 1357 1942 quan·

264 1944 354 2006 titete
384 1944 425 2005 de
447 1941 508 2010 hac
529 1940 604 2003 luce
634 1943 803 2006 discedens
838 1963 904 2005 non
936 1943 1062 2024 aliquid
1090 1943 1235 2027 speciale
1265 1944 1357 2004 decre·

265 2027 368 2104 verit,
414 2026 502 2086 inter
528 2023 632 2086 lilium
664 2026 725 2088 lilii
758 2035 791 2088 et
819 2023 938 2103 liliam,
967 2027 1054 2088 salva
1086 2027 1263 2088 medietate
1291 2044 1354 2106 quae

264 2108 442 2170 minoribus
465 2104 610 2191 partibus
636 2128 677 2169 ex
696 2116 828 2192 paterna
850 2106 1053 2170 successione
1080 2108 1241 2186 debetur,
1275 2107 1354 2166 ultera

264 2191 456 2253 substantiae
482 2189 553 2252 eins
571 2191 725 2256 medietas
746 2191 832 2252 inter
849 2199 1001 2274 nepotem
1023 2199 1056 2253 et
1077 2190 1182 2254 liliam
1202 2188 1353 2272 aequaliter

263 2273 440 2339 dividatur.
822 2305 825 2310 ·

347 2355 388 2421 ll.
430 2353 526 2434 Quod
545 2351 571 2415 si
590 2353 694 2432 lilius,
724 2353 764 2416 de
790 2354 881 2416 cuius
922 2362 1055 2416 otestute
1072 2359 1246 2430 tractatur,
1267 2349 1350 2412 omnia
1398 2399 1399 2402 ,

263 2459 337 2506 cum
358 2447 449 2521 patre
472 2436 612 2500 indivisa
634 2437 831 2519 possederit,
853 2376 967 2500 eodem
987 2447 1115 2497 mortuo
1136 2437 1285 2498 medietas
1310 2453 1350 2490 ue·

261 2517 345 2606 potis
361 2519 504 2604 partibus
525 2527 561 2598 n)
586 2528 820 2600 sequestretur:
848 2519 948 2582 altera
978 2519 1133 2580 medietas
1159 2541 1233 2579 curn
1251 2515 1308 2576 lilia
1326 2519 1349 2572 et

255 2611 381 2686 ,nepote
413 2624 517 2685 aequo
547 2602 660 2664 ordine
686 2600 860 2664 dividatur.
901 2601 946 2666 Et
976 2623 1017 2663 ne
1043 2602 1131 2663 forte
1157 2597 1296 2684 litigandi
1317 2613 1346 2655 ex

259 2685 325 2750 lroc
354 2685 532 2767 eodemque
556 2684 652 2744 titulo
673 2678 740 2747 ison
761 2686 884 2746 sublata
911 2683 1117 2768 relinquatur
1145 2684 1281 2758 occasio,
1304 2697 1347 2736 set

262 2790 327 2835 una
354 2767 421 2830 sive
441 2769 523 2830 duae
546 2776 601 2828 aut
625 2767 735 2850 plures
759 2777 855 2829 erunt
876 2767 980 2846 tiliae,
1009 2787 1079 2827 eam
1105 2787 1203 2849 quam
1227 2759 1345 2846 superius

261 2851 430 2914 statuimus
456 2851 592 2911 formam
618 2851 739 2933 placuit
769 2849 956 2929 observare,
987 2848 1021 2909 id
1047 2858 1115 2926 est,
1158 2859 1194 2910 ut
1220 2843 1345 2907 medietas

260 2933 354 3010 liliis,
382 2933 536 2996 medietas
563 2932 673 3014 nepoti
693 2942 749 2995 ant
773 2932 942 3015 nepotibus
969 2953 1009 2992 ex
1033 2929 1103 2993 lilio
1125 2931 1310 3014 adquiratur.

341 3016 401 3082 Ill.
442 3015 565 3077 Verum
588 3015 614 3076 si
636 3016 790 3076 defuncto
807 3023 844 3076 ut
861 3015 982 3077 dictum
1003 3022 1070 3092 est,
1091 3025 1183 3096 patre
1205 3011 1283 3073 lilius
1296 3023 1342 3063 non

258 3120 396 3182 puerum
424 3097 581 3159 heredem
594 3097 790 3181 reliquerit,
813 3096 870 3159 sed
920 3097 1060 3173 uellam,
1089 3107 1124 3157 et
1145 3115 1266 3158 sorores
1287 3104 1341 3177 snat

258 3180 480 3264 superfuerint
502 3177 657 3275 genitori,
692 3181 737 3241 ita
760 3181 810 3241 ius
832 3120 1044 3242 vindicandae
1061 3175 1267 3241 successionis
1281 3169 1340 3230 0hu·
1395 3241 1396 3279 p

259 3269 356 3338 neat,
379 3273 414 3322 ut
436 3261 594 3344 portionis
614 3271 764 3345 paternae
783 3262 960 3343 quantitate
986 3269 1155 3340 contenta,
1186 3261 1278 3320 altera
1295 3268 1339 3310 me·

155 3407 157 3412 ,
257 3343 360 3406 dietas
384 3344 425 3404 ad
453 3365 524 3406 suas
548 3342 680 3418 amitas,
713 3365 848 3427 quarum
873 3363 968 3427 supra
988 3343 1125 3406 fecimus
1152 3339 1338 3404 mansionen,

259 3447 300 3488 ex
332 3427 404 3508 lege
431 3425 616 3509 perveniat,
651 3449 757 3510 neque
784 3426 903 3491 exinde
924 3425 1104 3510 quidquam
1131 3425 1194 3490 sihi
1222 3415 1340 3482 aestimet

258 3507 498 3574 vindicandum.
1394 3529 1395 3538 ¹

466 3659 557 3731 Tin.
581 3659 762 3735 LXXVI.
811 3661 871 3732 De
905 3661 1155 3735 Wittiscelcis.

336 3824 363 3884 1.
405 3820 566 3884 Comitum
586 3829 767 3883 nostrorum
797 3822 931 3904 querela
952 3822 1127 3906 prooessit,
1149 3813 1236 3902 quod
1255 3795 1335 3883 ali‘lui

253 3903 288 3967 in
315 3904 436 3990 populo
459 3913 570 3966 nostro
593 3904 751 3965 eiusmodi
774 3905 1088 3990 praesumptionibus
1110 3905 1284 3987 abutantuts
1309 3887 1335 3939 nt

252 4009 370 4072 pueros
398 3996 541 4064 nostros,
576 3986 633 4070 qui
660 3985 779 4048 iudicia
799 3998 1027 4070 exequuntur,
1048 3988 1226 4072 quibusque
1248 3966 1334 4034 mule·

261 4137 671 4155 Ἀ

321 4221 359 4291 m)
375 4221 419 4275 ΑῙ·
439 4223 464 4274 ⁸⁸⁸
479 4223 557 4292 filim
570 4236 677 4296 petrem
691 4226 861 4296 superstitem
877 4225 981 4280 tatem
996 4242 1054 4280 cum
1062 4224 1131 4300 filio
1154 4211 1255 4294 infala
1272 4203 1333 4260 dist,
1391 4221 1392 4224 ’

250 4309 374 4358 mmm
392 4311 500 4365 quoquc
519 4307 569 4350 etc.
640 4295 675 4364 rs)
688 4294 735 4352 Al.
753 4313 800 4352 ms.
820 4295 972 4368 nepotibus.
