2900 5020
203 284 284 378 effi
469 297 576 355 neers
594 297 887 362 rntswnunm‘r:
903 301 993 362 usu.

264 441 390 521 :LXIL
430 438 546 525 Si,pes
561 447 648 502 totus
672 439 834 507 abscissus
847 441 966 522 luerit,
990 444 1241 526 quatuordecim
1266 444 1340 510 sol.

205 552 276 594 eom
302 536 386 592 onat.

235 551 405 688 „XXIII
447 608 483 672 si
504 605 658 688 pollicem
679 603 770 684 pedis
789 607 981 688 absciderit,
1004 611 1094 674 VIII.
1113 609 1208 675 solid.
1229 631 1338 671 com-

204 702 316 780 ponat.
346 691 378 753 Si
401 690 583 774 proximum
599 687 745 770 digitum,
770 691 845 751 VII.
875 691 913 752 Si·
928 692 1070 769 tertium,
1090 695 1145 760 VI
1171 694 1206 752 si
1221 714 1338 773 quur·-

203 789 286 857 tgm‚
303 774 344 836 V.
367 775 403 835 Si
414 774 575 854 quintum,
589 774 647 834 IV.
664 769 774 832 solidis
788 785 969 855 componat.
987 776 1124 856 Reliqua
1133 797 1204 859 pars
1215 775 1332 858 pedis,

205 882 290 946 quae
303 859 389 918 inter
405 855 514 916 tibiam
530 863 563 915 et
576 855 690 936 digitos
708 865 771 930 est,
788 856 975 936 quindecim
988 859 1080 918 solid.
1095 867 1332 941 componatur.

258 1001 262 1008 ,
288 940 408 1011 LXIV.
454 939 489 1000 si
514 937 632 1000 humor
655 959 714 1018 per
744 938 897 999 articulos
920 939 1097 1020 digitorum
1124 941 1329 1018 decurrerit,

207 1022 292 1089 sicut
314 1020 462 1104 superius
488 1021 527 1083 de
548 1042 647 1084 manu
676 1019 830 1103 scriptum
853 1031 919 1100 est,
952 1023 996 1082 ita
1014 1024 1204 1107 etinpede
1227 1044 1332 1086 conu-

252 1116 357 1175 natur.
1135 1140 1137 1148 ·

205 1130 248 1196 Pp
289 1183 392 1250 LXV.
434 1183 554 1268 Siquis
572 1184 671 1246 alium
687 1185 785 1248 iratus
798 1207 858 1268 per
874 1186 1007 1270 capillos
1020 1187 1326 1270 comprehenderit,

204 1273 329 1341 duobus
358 1267 470 1331 solidis
497 1278 683 1352 componat,
718 1277 772 1344 (et
789 1289 848 1353 pro
865 1270 958 1332 Ireds
981 1279 1122 1353 quatuor
1142 1271 1258 1334 'solidis
1279 1273 1326 1332 ad

204 1365 329 1444 partem
345 1352 442 1435 Regis
463 1352 511 1423 l).

289 1437 408 1499 LXVI.
450 1433 598 1506 Vulnus,
621 1436 710 1516 quod
732 1434 971 1517 longitudinem
995 1433 1130 1513 habeut,
1160 1446 1324 1517 quantum

206 1522 294 1587 inter
314 1517 469 1602 pollicem
485 1527 519 1579 et
539 1517 723 1600 complicati
746 1517 862 1580 indicis
884 1518 1056 1579 articulum
1076 1541 1235 1602 spannum
1255 1521 1323 1578 im-

229 1606 311 1682 leat,
341 1610 481 1682 quatuor
499 1600 609 1662 solidis
633 1610 863 1683 componatur,
893 1602 982 1681 quod
1005 1602 1149 1681 integrae
1173 1623 1321 1683 spannae

205 1629 445 1768 longitudinem
467 1683 638 1761 babuerit,
666 1681 728 1743 hoc
748 1692 812 1759 est,
842 1691 999 1764 quantum
1022 1684 1121 1746 index
1149 1692 1182 1746 et
1201 1684 1320 1766 pollex

207 1767 339 1840 extendi
361 1774 511 1847 possunt,
533 1786 589 1826 sex
609 1765 721 1827 solidis
738 1775 959 1848 componatur.

288 1849 416 1911 LXVII.
459 1851 555 1927 Quod
582 1848 668 1908 inter
691 1849 844 1929 pollicem
861 1857 893 1908 et
911 1849 1010 1911 medii
1038 1847 1131 1932 digiti
1153 1867 1319 1931 spannum

206 1935 340 2017 longum
355 1930 471 2009 fuerit,
493 1929 650 1992 tredecim
665 1931 777 1994 solidis
797 1942 977 2014 componat.

288 2013 441 2076 LXVIII.
483 2013 579 2091 Quod
609 2033 627 2072 a
654 2013 763 2074 cubito
794 2034 895 2096 usque
926 2015 967 2076 ad
990 2013 1174 2078 iuncturam
1200 2035 1330 2075 munus.

207 2096 412 2180 longitudine
429 2096 545 2172 fuerit,
568 2094 740 2156 duodecim
759 2099 818 2163 soi,

289 2177 407 2240 LXIX.
449 2178 546 2256 Quod
574 2201 591 2237 a
617 2177 725 2238 cubito
749 2201 851 2261 usque
877 2178 917 2241 ad
946 2177 1160 2242 summitatem
1181 2175 1315 2261 pollicis

205 2262 341 2345 longum
360 2260 476 2339 fuerit,
499 2260 675 2322 octodecim
694 2260 805 2324 solidis
824 2269 1004 2343 componat.

289 2342 395 2410 LXX.
437 2345 534 2421 Quod
553 2343 649 2423 piene
674 2343 794 2422 cubiti,
826 2345 861 2406 id
885 2353 950 2421 est,
972 2346 1012 2406 ad
1033 2363 1172 2406 summos
1195 2339 1314 2422 digitos

207 2449 322 2504 mogus
343 2434 493 2489 extensae
519 2425 724 2506 longitudine
747 2427 863 2504 fuerit,
896 2427 1012 2509 viginti
1035 2437 1178 2508 quatuor
1202 2423 1316 2486 solidis

208 2517 440 2594 componetur,
461 2509 550 2592 quod
566 2530 660 2588 supra
678 2517 746 2585 est,
769 2531 835 2570 nou
859 2512 1073 2591 componitur.

291 2591 405 2653 LXXI.
448 2592 482 2650 Si
510 2592 549 2651 de
573 2591 708 2651 vulnere
731 2613 765 2652 os
791 2593 906 2653 exierit
932 2601 1038 2655 tautae
1069 2586 1314 2673 magnitudinis,

208 2685 246 2736 ut
260 2675 382 2739 iactum
403 2673 437 2733 in
458 2683 584 2736 scutum
599 2682 686 2734 trans
702 2675 865 2754 publicam
883 2674 968 2738 viem
984 2677 1107 2739 sonitus
1121 2674 1190 2736 eius
1206 2669 1316 2732 audiri

207 2759 486 2844 possit,·qnatuor
507 2753 617 2818 solidis
639 2767 818 2838 componat.

293 2837 427 2981 iniil'
468 2841 503 2902 Si
525 2839 590 2900 duo
612 2859 680 2900 ossa
700 2839 858 2921 exierint,
892 2843 958 2904 duo
986 2839 1082 2904 solidi
1110 2837 1314 2912 adiiciuntur,

179 2927 182 2933 ’
207 2923 242 2987 id
265 2933 328 2999 est,
402 2971 410 2988 .
1002 2952 1006 2964 ·

292 3003 450 3070 LXXIII.
486 3003 519 3064 Si
540 3003 601 3064 tria
621 3003 777 3082 exierint,
799 3027 883 3068 unus
904 3004 1026 3070 solidus
1043 3002 1222 3064 adiicietur.

294 3087 438 3150 LXXIV.
479 3087 513 3146 Si
540 3087 664 3147 minora
690 3089 814 3148 suerint
839 3111 936 3170 qnam
955 3088 989 3147 in
1016 3097 1106 3150 scuto
1130 3085 1210 3146 iacta
1227 3092 1315 3144 trum

210 3169 376 3254 publicam
401 3169 485 3236 viam
505 3169 612 3231 audiri
631 3169 768 3254 possint,
791 3171 924 3234 dimidio
943 3171 1062 3232 minori
1083 3165 1315 3250 compositione

209 3253 364 3316 solvatur.

294 3333 425 3402 LXXV.
467 3331 615 3394 Vulnera
640 3332 700 3394 tria
717 3334 770 3397 vel
789 3345 945 3417 quatuor,
970 3336 1023 3399 vel
1039 3355 1078 3394 eo
1094 3331 1230 3414 amplius
1247 3348 1313 3388 uno

210 3417 280 3480 ictu
295 3416 377 3490 lacta
393 3426 638 3494 mensurantur,
662 3429 693 3477 et
713 3418 803 3478 iuxta
823 3419 911 3500 quod
927 3441 1038 3480 eorum
1054 3417 1151 3478 fuerit
1169 3410 1314 3494 longitu-

210 3502 269 3578 do,
300 3499 487 3582 compositio
507 3500 719 3580 persolvatur.
761 3500 795 3561 Si
816 3524 892 3563 vero
911 3501 991 3580 tria,
1013 3501 1066 3564 vel
1083 3506 1238 3580 quatuor,
1260 3491 1312 3558 vel

210 3581 372 3664 quotlibet
388 3581 523 3642 vulnera
544 3582 679 3642 totidem
698 3581 812 3644 ictibus
835 3584 956 3644 fuerint
979 3587 1079 3659 facta,
1102 3578 1191 3662 quod
1206 3598 1246 3637 ex
1263 3573 1312 3633 his

209 3664 385 3724 maximum
402 3663 521 3741 fuerit,
543 3663 634 3725 iuxta
654 3665 704 3727 sui
723 3666 965 3748 longitudinem
985 3671 1215 3748 componatur,
1246 3677 1314 3718 cae·

209 3756 278 3809 tera
304 3768 381 3807 vero
406 3755 602 3806 remaneant.
1300 3757 1302 3760 ·

290 3829 440 3894 LXXVI.
482 3829 516 3888 Si
536 3849 649 3890 munus
672 3851 821 3910 percussa
845 3853 958 3894 manea
976 3827 1187 3912 pependerit,
1219 3821 1313 3885 dimi-

210 3913 265 3976 dio
283 3920 513 3994 componatur,
542 3933 607 3990 quo
627 3913 756 3988 debuit,
778 3914 803 3974 si
818 3915 932 3976 fuisset
951 3913 1108 3986 abscissa,
1130 3931 1186 3990 pes
1200 3904 1314 3970 simili-

209 4005 295 4138 ter,l
314 3995 435 4080 digitus
465 3993 632 4073 similiter,
666 3997 904 4080 qualiscunque
938 3995 1038 4061 fuerit
1060 3993 1192 4082 ¹digitus
1225 3984 1316 4076 pedis

208 4079 280 4140 simi
298 4077 368 4138 iter.
1237 4077 1241 4084 ⁴

212 4221 340 4234 w

276 4295 309 4364 l)
326 4291 433 4350 Desunt
448 4293 502 4348 ista
519 4295 548 4346 in
566 4293 644 4348 Lind.
