2876 4992
391 309 497 364 mers
517 307 766 390 uirninronuu
784 309 861 365 ur.
880 311 960 365 uxr.
1158 287 1228 380 185

119 439 385 534 gemitomnnam
404 447 575 534 iudicetur.
615 448 657 511 Et
680 447 737 532 qni
760 469 835 530 enm
854 449 1071 531 interfecerit,
1096 461 1229 514 eentum

117 533 231 596 solidis
260 531 426 591 multetur.
668 589 670 596 ,

202 613 265 679 ΙΙΙ.
308 614 405 690 Quod
426 615 453 674 si
479 613 628 674 dominus
656 613 724 674 eins
748 635 823 675 eum
849 622 923 675 ante
944 614 1066 696 Regem
1087 614 1232 680 denaria·

117 708 187 759 tum
209 707 256 773 x)
281 698 389 756 facere
414 695 575 774 voluerit,
596 697 762 758 licentiam
785 697 910 758 habeat.

119 816 211 888 Tre.
234 813 356 884 LXII.
384 811 491 910 (64.)
540 816 598 886 De
626 817 773 885 homine
806 817 869 910 qui
896 838 1044 892 serrum
1075 819 1231 892 tributu·

492 928 494 936 '
557 917 653 985 rium
680 913 778 984 fecit.

132 1071 136 1079 ·
201 1033 227 1100 I.
270 1034 303 1094 Si
328 1032 401 1116 quis
425 1054 552 1095 servum
574 1056 667 1096 suum
689 1033 892 1097 tributarium
917 1043 972 1096 aut
995 1035 1089 1096 litum
1104 1037 1230 1118 fecerit,

119 1117 241 1262 {1inss
267 1138 341 1178 eum
365 1117 581 1228 interfecerit,
604 1117 735 1200 triginta
763 1136 820 1178 sex
843 1118 955 1181 solidis
982 1118 1152 1202 culpabilis
1178 1120 1234 1180 inm

145 1220 256 1346 lcelil.¹
286 1281 383 1359 Quod
414 1279 440 1342 si
471 1281 667 1342 denarialem
688 1292 734 1359 y)
762 1302 836 1344 euru
864 1284 970 1345 facere
994 1283 1157 1364 voluerit,
1188 1283 1236 1345 ti·

120 1365 259 1428 centiam
282 1363 407 1426 habeat.
447 1365 490 1426 Et
509 1374 588 1427 tunc
608 1365 764 1426 ducentos
789 1364 909 1429 solidos
931 1368 1039 1428 valeat
1058 1376 1099 1440 z).

170 1483 261 1558 ΤΙΤ.
282 1482 425 1552 LXIII.
451 1479 560 1578 (65.)
609 1483 668 1553 De
689 1485 836 1554 homine
859 1485 898 1568 in
920 1487 1024 1574 hoste
1050 1485 1179 1555 occiso.

205 1604 229 1663 I.
273 1601 401 1684 Siquis
425 1601 590 1662 hominem
613 1602 647 1663 in
671 1603 763 1666 hoste
789 1603 1010 1683 interfecerit,
1035 1604 1159 1690 triplici
1172 1625 1239 1668 we*
1316 1637 1328 1660 ·

123 1684 248 1768 regildo
269 1685 440 1768 culpabilis
461 1685 633 1746 indicetur.

203 1770 246 1834 II.
287 1769 444 1830 Deferto
469 1776 503 1840 n)
525 1768 682 1829 similiter.

95 1885 214 1956 *Trux
246 1885 386 1958 LXIV.
426 1888 536 1972 (66.)
589 1885 649 1954 De
682 1885 832 2001 Iiomine
868 1887 907 1956 in
949 1887 1057 1958 domo
1085 1886 1237 1984 propria

614 2009 745 2058 occiso.

189 2099 240 2168 'Si
262 2106 334 2188 quis
354 2103 518 2166 hominem
543 2103 578 2165 iu
609 2103 703 2166 domo
736 2105 866 2188 propria
897 2128 971 2169 curn
1004 2104 1166 2167 hariraida
1197 2105 1243 2178 bt

125 2190 344 2266 interfecerit,
375 2199 488 2248 auctor
511 2187 588 2248 facti
605 2189 727 2270 triplici
749 2189 905 2271 wergildo
927 2189 1101 2267 multetur,
1125 2199 1156 2248 et
1172 2195 1238 2249 tres

122 2275 248 2357 priores
276 2271 452 2354 nonagInta
473 2270 584 2332 solidis
612 2271 790 2354 culpabiles
817 2271 1013 2334 iudicentur.
1054 2273 1097 2332 Et
1123 2271 1241 2354 quanti

130 2355 161 2416 ei
181 2353 368 2435 sangninem
390 2353 554 2430 fuderint,
581 2355 804 2437 unusquisque
833 2355 989 2436 wergildo
1012 2377 1086 2415 eum
1107 2357 1239 2436 compo·

130 2447 194 2498 nat
235 2439 279 2498 Et
297 2437 540 2518 quanticunque
561 2445 632 2516 post
652 2444 813 2496 auctorem
835 2436 998 2519 sanguinis
1016 2439 1168 2499 cll'usores
1184 2435 1238 2497 vel

130 2527 202 2603 post
220 2527 284 2580 tres
302 2519 427 2601 priores
445 2518 568 2596 fuerint
585 2519 807 2600 unusquisque
823 2519 1009 2598 quindecitn
1025 2520 1137 2582 solidis
1153 2517 1241 2578 ῐῐιιιΙ-Ι

131 2611 234 2678 tetur,
257 2611 289 2662 et
313 2601 471 2683 quicquid
491 2600 535 2660 ibi
560 2602 755 2678 talaverint,
773 2602 952 2664 restituant.

133 2719 223 2788 ΤιΤ.
248 2719 369 2791 LXV·
397 2727 491 2800 (67.)
541 2719 598 2788 De
620 2745 664 2790 eo
691 2722 750 2814 qui
779 2723 937 2792 bannum
960 2746 1036 2793 non
1056 2719 1238 2812 adimplet.
1273 2790 1276 2798 f

215 2839 241 2900 I·
282 2839 410 2920 Siquis
435 2831 560 2921 legibus
584 2839 617 2899 in
643 2839 814 2900 utilitatem
837 2840 954 2922 Regis,
976 2843 1045 2903 sine
1068 2839 1102 2899 in
1125 2839 1238 2915 hoste,
1334 2877 1337 2890 ·

129 2944 189 2984 sen
213 2923 246 2982 in
272 2922 432 3003 reliquam
457 2923 628 2982 utilitatem
650 2923 802 2984 bannitus
831 2923 947 3000 fuerit,
981 2933 1014 2985 et
1033 2922 1165 2982 minime
1182 2921 1241 2981 ad-‘

128 3005 314 3086 impleverit
338 3014 389 3081 c),
411 3005 437 3066 si
462 3005 628 3088 aegritudo
655 3026 731 3066 eum.
750 3027 815 3066 non
844 3005 1048 3084 detenuerit,
1075 3005 1240 3087 sexaginte

128 3088 241 3149 solidis
264 3089 431 3153 multetur.
505 3157 508 3161 p

212 3170 256 3231 ll.
299 3170 333 3231 Si
362 3179 469 3231 autem
498 3168 661 3230 Romanus
691 3178 746 3230 airt
776 3169 1011 3231 ecclesiasticus
1043 3168 1096 3232 vel
1131 3166 1252 3250 regius¹

127 3251 226 3312 homo
248 3250 310 3312 hoc
336 3249 470 3328 fecerit,
496 3254 718 3334 unusquisque
742 3261 854 3315 con'tra
884 3263 1048 3314 auctorem
1069 3272 1163 3311 sunm
1186 3249 1242 3310 tri-

129 3334 219 3418 ginta
240 3335 360 3396 solidos
379 3334 549 3417 culpabilis
573 3329 743 3415 iudicetur.¹

216 3417 271 3480 III.
315 3418 349 3476 Si
367 3419 439 3498 quis
463 3425 569 3477 autem
591 3417 780 3498 legatarium
794 3416 889 3499 Regis
910 3417 963 3477 vel
985 3417 1025 3478 ad
1041 3417 1161 3499 Regem
1183 3437 1243 3476 sen

129 3500 165 3559 in
190 3499 362 3561 utilitatem
383 3499 477 3580 Regis
498 3510 687 3580 pergentem
706 3499 844 3580 hospitio
864 3497 1025 3581 suscipere
1043 3509 1241 3580 contempse-

129 3582 190 3658 rit,
218 3582 280 3642 nisi
303 3583 458 3642 emunitas
484 3581 580 3662 Regis
608 3582 672 3642 hoc
699 3583 951 3658 contradeerit,
974 3583 1139 3663 sexaginta
1163 3580 1242 3641 soli-¹

129 3665 180 3726 dis
202 3665 372 3748 culpabilis
394 3664 566 3726 iudicetur.
608 3664 674 3726 Aut
694 3665 721 3728 si
742 3666 868 3748 regius,
883 3665 1043 3724 Romanus
1066 3674 1121 3724 aut
1139 3662 1240 3726 cccle-

199 3903 236 3973 a)
249 3904 358 3957 Herold,
371 3904 556 3961 itinerarium.
579 3905 633 3958 Til.
651 3904 841 3958 deuorarium.
866 3904 994 3958 Corbion.
1009 3902 1161 3972 decuriati.
1174 3900 1243 3957 Met.

128 3973 285 4039 etSangell,
299 3973 452 4029 denarium.
484 3975 595 4044 y)Cod.
611 3991 665 4041 reg.
682 3974 869 4029 deiterarium.
888 3973 1167 4028 Cui-biumdineriali.
1188 3973 1245 4024 He.-

126 4044 200 4097 rold.
218 4043 397 4097 denariatam.
451 4043 484 4114 z)
510 4045 576 4096 Met.
595 4047 818 4098 valeatoccisns.
840 4045 1040 4099 Lindsolvam
1090 4041 1245 4110 a)Til.et

126 4112 207 4165 Lind.
219 4127 330 4184 texaga.
349 4116 415 4167 Met.
433 4117 565 4166 Similiter
580 4119 664 4186 etqui
675 4117 778 4184 furtum
790 4117 998 4185 perpetraverit.
1052 4112 1085 4183 b)
1102 4112 1170 4166 Met.
1186 4111 1245 4160 ari-

127 4182 241 4254 ragida.
258 4186 327 4238 Cod.
352 4203 405 4253 reg.
426 4184 590 4245 harinxida.
606 4185 687 4239 Goth.
698 4185 844 4258 aragadia.
863 4186 917 4244 Til.
935 4183 1079 4245 lmrroide.
1131 4179 1166 4252 c)
1177 4181 1245 4238 Mel·

126 4255 238 4308 minime
253 4257 356 4310 venerit
372 4257 414 4312 vel
430 4253 543 4326 adimpl.
650 4314 653 4328 ‚
835 4261 836 4266 ’
1091 4255 1095 4260 ’
1218 4287 1246 4298 *-
