2900 5020
406 273 513 328 tucis
531 271 1028 332 nuneunmouuurrr.xxv1.
1180 255 1270 333 v317

163 415 235 477 eius
269 422 406 474 mortem
453 413 493 474 ad
526 435 789 498 unumquemque
827 412 948 494 fllium,
986 413 1075 498 quod
1100 425 1190 500 pater
1222 416 1273 506 w)

165 499 236 558 eius
262 495 411 576 dederat,
447 508 647 559 revertetur:
679 499 723 559 ita
743 507 780 558 ut
802 505 904 558 mater
934 518 994 560 neo
1016 498 1191 580 donandi,
1211 521 1272 562 nec

164 578 355 656 vendendi,
397 600 456 641 nec
473 578 636 641 alienandi
660 580 767 642 dehis
788 579 901 658 rebus,
933 601 1012 665 quas
1039 581 1072 641 iu
1098 583 1272 646 donatione

165 662 305 746 nuptiali
330 662 471 745 accepit,
496 660 613 724 habeat
631 671 818 744 potestatem
833 671 885 735 x).

247 743 291 806 11.
334 744 369 805 Si
384 745 467 805 forte
489 744 608 806 mulier
634 746 691 804 itta
714 745 798 806 filios
821 766 887 806 non
910 743 1080 824 habuerit,
1113 746 1275 829 quidquid

166 828 207 888 ad
229 849 298 888 eam
322 827 361 888 de
392 826 564 888 donatione
593 827 729 909 nuptiali
758 828 931 909 pertinuit,
960 837 1032 909 post
1053 841 1187 890 mortem
1201 852 1273 908 mp-

164 909 256 970 lieris
285 909 488 970 medietatem
512 921 662 992 parentes
684 911 764 986 eius,
784 910 986 972 medietatem
1003 911 1148 973 defuncti
1167 913 1274 972 mariti

167 992 333 1054 donatoris
357 1000 506 1072 parentes
543 992 705 1074 accipiant
721 998 774 1070 y).
1250 984 1253 999 '

250 1074 310 1136 111.
354 1076 505 1134 Ceterum
534 1074 560 1134 si
587 1075 659 1156 quis
681 1075 822 1134 filiorum
846 1072 938 1133 matri
964 1096 1023 1156 per
1047 1083 1272 1136 testamentum

168 1155 314 1237 aliquid,
346 1165 401 1216 aut
419 1155 625 1218 donationem
646 1157 838 1234 contulerit,
871 1165 972 1217 mater
993 1155 1110 1219 exinde
1130 1158 1273 1220 faciendi

167 1237 257 1320 quod
285 1237 425 1299 voluerit
448 1237 582 1298 liberam
604 1238 720 1300 habeat
748 1247 943 1321 potestatem.
1175 1296 1178 1303 .

246 1321 303 1382 IV.
343 1320 409 1381 Ant
437 1319 463 1381 si
483 1319 634 1382 intestata
659 1321 837 1393 defecerit,
871 1320 1018 1385 mulieris
1038 1333 1187 1406 parentes
1211 1325 1271 1386 he·

165 1402 334 1464 ruditatem
358 1403 427 1464 eius
456 1424 513 1464 sno
538 1403 683 1464 dominio
705 1403 925 1464 vindicabunt.

249 1484 290 1546 V.
333 1485 368 1546 si
395 1483 468 1568 quis
485 1485 680 1568 ¹Burgundio
701 1485 783 1548 filios
801 1485 898 1565 habet
913 1493 964 1561 z),
984 1485 1099 1548 tradita
1114 1485 1273 1572 filiispor-

167 1565 336 1644 tione‚de
358 1589 416 1644 eo,
445 1568 533 1648 quod
558 1567 618 1628 sibi
642 1567 816 1636 reservavit
839 1576 892 1646 a),
923 1567 1042 1630 donare
1071 1576 1126 1629 eut
1146 1573 1272 1634 vende-

165 1671 219 1729 re,
244 1649 297 1712 oui
322 1648 483 1727 voluerit,
514 1649 631 1712 habeat
655 1651 791 1713 liberam
810 1658 1007 1734 potestatem.

323 1836 413 1907 Tt'r.
439 1835 565 1908 XXV.
615 1834 673 1906 De
699 1835 807 1906 furtis
836 1843 873 1906 et
911 1834 1104 1910 violentiis.

249 2003 276 2063 I.
317 1996 352 2058 Si
382 1995 453 2080 quis
479 1997 652 2060 cuiuslibet
673 1997 802 2058 hortum
822 1997 984 2060 violenter
1011 1997 1171 2082 ingressus
1193 1997 1267 2060 fue-

166 2078 228 2160 rit,
256 2081 376 2141 inferet
399 2100 457 2163 pro
487 2080 554 2164 ipsa
573 2080 830 2164 praesumptione
855 2079 926 2160 illi,
960 2079 1050 2143 cuius
1075 2081 1192 2144 hortus¹
1212 2091 1271 2161 est,

165 2163 224 2226 sol.
245 2163 305 2230 ΠΙ.
349 2172 380 2223 et
408 2163 547 2225 mulctae
579 2163 709 2224 nomine
734 2163 793 2224 sol.
817 2160 876 2228 VI.

245 2247 287 2306 11.
328 2244 363 2307 si
391 2267 500 2309 servus
523 2246 596 2308 =hoc
623 2245 755 2324 fecerit,
784 2254 916 2307 centum
942 2245 1075 2308 fustium
1100 2244 1182 2308 ictus
1213 2268 1269 2309 ao-

164 2327 271 2412 cipiat.
1243 2333 1248 2338 ’

343 2480 439 2584 Tru,
458 2478 601 2552 XXVI.
650 2479 708 2548 De
743 2478 900 2550 excussis
924 2447 1101 2551 dentibus.

248 2643 274 2707 1.
315 2640 349 2700 si
372 2640 445 2722 quis
465 2635 611 2721 quolibet
638 2655 712 2696 casn
742 2632 872 2696 dentem
898 2633 1040 2717 optimati
1062 2635 1095 2708 b)
1123 2635 1272 2719 Burgun-

169 2721 260 2782 dioni
285 2724 338 2784 vel
367 2725 511 2785 Romano
548 2716 651 2779 nobili
677 2715 869 2794 excusserit,
898 2718 956 2782 sol.
979 2717 1050 2782 XV.
1071 2729 1204 2801 cogatur
1218 2741 1272 2784 cx·

168 2806 303 2867 solvere.

248 2887 291 2946 11.
331 2888 381 2948 De
414 2882 627 2945 mediocribus
653 2880 799 2966 personis
828 2878 997 2962 ingenuis,
1031 2890 1096 2942 tam
1123 2881 1270 2966 Burguu·
1343 2905 1346 2914 ·

168 2967 317 3029 dionibus
336 2989 433 3048 quam
457 2965 626 3043 Romanis,
651 2962 779 3026 sidens
805 2983 957 3026 excussus
981 2963 1099 3045 fuerit,
1138 2967 1178 3028 X.
1198 2962 1273 3031 soli-

170 3051 219 3111 dis
245 3060 465 3133 componatur.

250 3132 311 3192 ΙΙΙ.
353 3134 402 3192 De
424 3127 633 3190 inferioribus
662 3125 805 3208 personis
836 3125 877 3192 V.
905 3127 963 3194 sol.
1046 3149 1049 3154 ¹

250 3213 307 3279 IV.
349 3213 383 3274 Si
423 3232 531 3274 servus
563 3208 688 3270 homini
729 3209 871 3292 ingenuo
905 3207 1106 3274 voluntarius
1140 3211 1270 3277 dentem

168 3296 361 3375 excusserit,
406 3316 518 3356 manus
546 3291 701 3354 incisione
734 3292 912 3354 damnetur.
953 3293 988 3353 Si
1015 3291 1098 3354 sicut
1123 3295 1270 3378 superius

165 3389 316 3443 statutum
353 3387 416 3457 est,
450 3377 603 3438 doceatur
629 3374 817 3454 admissum,
857 3383 954 3459 prout
984 3397 1122 3459 persona
1153 3375 1270 3456 fuerit,

165 3462 306 3548 pretium
331 3482 389 3543 pro
408 3459 556 3522 dentibus
577 3458 688 3522 solvat.

248 3547 288 3610 V.
331 3544 364 3605 Si
390 3542 463 3625 quis
481 3542 641 3624 ingenuus
659 3539 774 3601 liberto
802 3538 933 3600 dentem
962 3539 1153 3618 excusserit,
1189 3542 1271 3605 infe-

166 3639 217 3690 rat
245 3628 276 3691 ei
316 3626 435 3688 solidos
465 3634 540 3689 tres.
581 3624 617 3684 si
644 3642 735 3684 servo
775 3621 881 3683 alieno
917 3620 1046 3684 dentem
1074 3626 1268 3704 excusserit,

166 3711 223 3773 det
242 3710 273 3772 ei
295 3723 326 3777 c)
346 3708 437 3771 cuius
463 3727 575 3770 servus
603 3713 670 3782 est,
702 3703 820 3766 solidos
847 3703 938 3766 duos.

174 3885 560 3900 ῃ

237 3991 275 4062 w)
291 3992 333 4046 Al.
351 4010 399 4044 ms.
427 3987 560 4062 quiequid
574 4001 662 4056 pater.
739 3987 771 4058 x)
786 3985 830 4040 At.
853 4004 901 4042 ms.
928 3987 1028 4042 habeat
1058 3989 1173 4044 liberam
1196 4003 1272 4062 pote-

166 4075 272 4117 statem.
345 4061 437 4132 y)A1.
455 4077 517 4113 mss.
535 4073 680 4131 parentes,
700 4057 751 4110 hoe
769 4071 808 4111 est
840 4057 987 4112 donatores
1013 4063 1162 4132 accipiant.
1238 4063 1272 4128 s)

169 4134 211 4273 dc}
222 4133 453 4274 fismepegppffl
471 4131 530 4255 tiu)
547 4130 588 4182 Al.
613 4145 673 4182 mss.
700 4139 831 4188 reservat.
917 4129 950 4197 b)
966 4128 1009 4184 At.
1032 4144 1079 4184 urs.
1106 4132 1270 4201 optimatum.
