2900 5020
92 4283 136 4304 .““““

71 4305 88 4314 φ

35 4313 70 4324 ..nv

257 279 331 356 308
532 295 635 350 sema
652 295 942 351 nuaoaamouuus
959 297 1031 351 rar.
1049 299 1096 352 vr.

338 437 396 503 vl.
438 438 471 498 Si
490 456 567 497 vero
592 432 741 496 dominus
762 435 848 496 servi
870 458 943 498 cnm
965 436 1029 499 alio
1051 459 1083 500 se
1103 437 1221 515 caedit,
1250 447 1287 500 et
1304 462 1375 502 ser·

256 547 326 601 aus,
348 523 425 584 dum
446 517 612 582 dominum
638 519 789 580 adiuvare
811 518 898 595 vult,
931 518 1024 580 illum
1052 522 1275 604 percusserit,
1313 546 1376 608 pro

257 609 325 670 ictu
345 601 429 668 servi
451 598 600 664 dominas
621 599 648 666 l.
668 601 726 663 sol.
748 601 918 664 satisfaciat
939 609 982 677 r).

565 783 654 861 aaa,
678 783 744 855 v1.
794 784 853 854 ne
877 783 1048 877 fugitivis.

338 915 364 983 l.
406 914 441 976 Si
471 912 543 996 qnis
577 909 751 992 fugitivum
778 911 862 973 intra
892 912 1073 996 provincias
1099 914 1140 976 ud
1168 937 1228 978 nos
1261 918 1372 1000 perti·

258 1007 370 1062 nentes
396 1005 431 1070 s)
456 993 660 1078 corripuerit,
682 1016 742 1076 pro
761 995 902 1077 fugitivo
922 995 1062 1056 solidum
1086 997 1109 1058 l.
1131 1000 1281 1082 accipiat.
1327 1003 1370 1062 Et

255 1086 280 1144 si
304 1081 459 1164 fugitivus
480 1079 536 1139 ille
562 1075 721 1137 caballum
745 1099 853 1138 secum
879 1078 985 1155 ducit,
1013 1101 1072 1161 pro
1095 1081 1220 1143 caballo
1245 1084 1372 1144 semis-

255 1187 331 1242 sem,
354 1183 412 1248 pro
436 1183 517 1244 equa
539 1157 717 1221 tremissem
741 1161 895 1244 accipiat:
934 1169 968 1222 et
986 1162 1157 1246 fugitivum
1183 1187 1261 1226 cum
1291 1188 1366 1226 om·

254 1247 349 1308 nibus
373 1245 467 1306 rebus
488 1244 611 1305 reddat.
656 1242 691 1303 si
711 1252 800 1304 extra
825 1252 959 1321 sortem,
982 1244 1061 1306 duos
1090 1245 1210 1308 solidos
1233 1250 1280 1325 (is
1306 1250 1367 1330 qui

252 1330 424 1412 fugitivum
443 1325 648 1408 corripuerit,
676 1347 735 1409 pro
756 1326 894 1410 fugitivo
917 1327 1072 1412 accipiat,
1101 1339 1134 1390 et
1156 1351 1216 1412 pro
1232 1331 1368 1392 caballo

253 1415 312 1476 sol.
334 1411 373 1483 l.,
396 1431 455 1494 pro
476 1431 557 1491 equa
577 1410 738 1471 semissem
763 1414 796 1486 t).
1048 1451 1051 1460 .

334 1495 377 1554 ΙΙ.
418 1492 484 1571 Qui
506 1491 677 1574 fugitivum
698 1503 826 1554 secutus
841 1489 951 1568 inerit,
973 1500 1005 1554 et
1025 1514 1100 1554 casu
1120 1504 1364 1577 repugnantem

252 1575 427 1650 occiderit,
451 1574 537 1635 omni
556 1575 716 1636 calumnia
737 1583 857 1646 careat3
889 1584 943 1634 ant
969 1575 996 1636 si
1020 1575 1068 1653 is,
1099 1577 1156 1657 qui
1187 1578 1361 1658 sequitur,

252 1660 270 1719 ll
296 1658 432 1742 fugitivo
455 1677 623 1739 percussus
644 1655 754 1735 fucrit,
776 1657 816 1717 ad
843 1657 1010 1718 dominum
1031 1658 1161 1741 fugitivi
1184 1661 1281 1720 nulla
1303 1683 1358 1724 ca-

252 1741 375 1802 lumnia
395 1748 586 1802 revertatur.

333 1823 394 1886 ΙΙΙ.
436 1822 470 1882 si
496 1821 651 1905 fugitivus
678 1820 935 1904 cuiuscunque,
952 1843 1011 1884 seu
1030 1823 1275 1907 Burgundionis
1300 1848 1359 1888 seu

249 1906 396 1982 Romani,
416 1913 524 1988 captus
545 1906 653 1980 fuerit,
676 1913 708 1966 et
724 1927 801 1966 casu
823 1904 862 1966 de
884 1905 1027 1966 custodia
1053 1907 1183 1989 fugerit,
1207 1908 1235 1968 is
1256 1927 1359 1990 quem

250 1991 334 2073 fugit
360 1989 461 2064 iuret,
490 2007 551 2048 nec
579 2009 636 2048 sno
663 2009 722 2048 nec
747 2007 879 2048 suorum
902 1989 1057 2050 conludio
1083 1999 1137 2050 ant
1155 1990 1358 2052 couscientia

249 2070 347 2133 fuisse
369 2070 531 2132 dimissum
553 2073 606 2144 (et
627 2068 797 2153 praestitis,
819 2078 855 2129 ut
869 2068 993 2132 dictum
1015 2081 1073 2151 est,
1093 2072 1302 2136 sacramentis
1325 2082 1355 2152 a)

250 2153 374 2214 nullam
396 2151 587 2215 calumniam
607 2152 754 2234 patiatur.
1391 2215 1395 2227 Δ

331 2234 388 2298 Ν.
430 2235 627 2317 Quicunque
656 2235 798 2316 ingenuo
826 2241 882 2293 aut
912 2255 1007 2296 servo
1039 2235 1177 2318 fugienti
1205 2237 1354 2299 nesciens

250 2317 404 2400 capillum
429 2317 560 2395 feccrit,
598 2315 744 2399 quinque
766 2314 824 2379 sol.
846 2316 977 2397 perdat:
1005 2317 1032 2379 si
1061 2320 1165 2382 sciens
1198 2321 1354 2404 capillum

248 2399 388 2481 fecerit,
413 2399 543 2482 fugitivi
572 2401 710 2480 pretium
733 2405 865 2481 cogatur
884 2399 1060 2464 exsolvere.

331 2483 371 2548 V.
413 2483 478 2562 Qui
506 2482 681 2564 fugitivum
706 2481 811 2543 sciens
840 2479 960 2544 flumen
992 2481 1177 2563 transierit,
1214 2506 1352 2566 poenam

248 2565 466 2629 sollicitatoris
493 2564 632 2648 excipiat
653 2569 690 2642 a).
769 2610 773 2619 .

333 2649 391 2716 vl.
434 2649 468 2710 Si
498 2669 575 2709 vero
603 2645 758 2728 fugitivus
776 2645 907 2728 fugerit,
937 2647 1151 2721 (sacramenta
1177 2649 1350 2731 praebeat,

136 2728 142 2740 '
249 2754 310 2795 nec
337 2753 406 2810 suo,
428 2741 579 2812 utsupra
600 2729 800 2804 dictumest,
832 2728 985 2790 conludio
1008 2750 1068 2791 nec
1089 2752 1220 2792 suorum
1242 2733 1351 2814 fugiti—
1418 2783 1419 2806 ,

248 2835 326 2877 vum
344 2813 442 2875 fnisse
465 2812 640 2891 dimissum,
663 2820 695 2874 et
720 2811 760 2874 de
775 2809 928 2896 ligamine
951 2833 1012 2874 uec
1039 2834 1073 2874 se
1096 2835 1157 2876 nec
1181 2814 1247 2876 suis
1274 2836 1349 2876 con-

249 2898 322 2960 sciis
344 2895 490 2963 evasisse.

329 2980 406 3043 VII.
428 2979 461 3038 Si
473 2998 549 3041 vero
566 2976 672 3039 taliter
686 2987 881 3038 sacramenta
900 2996 966 3037 non
982 2975 1119 3058 dederit,
1139 3001 1197 3064 pro
1212 2977 1347 3062 fugitivo

246 3062 316 3124 XV.
337 3061 456 3124 solidos
481 3061 593 3127 solvat.
613 3057 663 3142 w)

330 3145 423 3208 Vlll.
464 3142 560 3220 Quod
572 3141 599 3204 si
618 3139 818 3219 constiterit,
829 3162 903 3202 cnm
919 3140 987 3204 eius
1003 3141 1169 3204 voluntate
1190 3142 1289 3207 fuisse
1305 3145 1348 3206 di-

246 3227 389 3303 missum,
409 3227 503 3286 XXX.
524 3224 583 3287 sol.
605 3231 646 3296 aa]
672 3232 803 3305 cogatur
825 3223 998 3288 exsolvere.
1056 3225 1089 3283 Si
1115 3247 1192 3286 vero
1214 3225 1272 3289 ille
1291 3228 1347 3310 qui

249 3318 413 3391 correptus
440 3317 498 3384 est,
523 3327 575 3368 res
597 3305 718 3367 domini
747 3315 801 3366 aut
824 3305 955 3368 alterius
982 3328 1091 3367 secum
1118 3318 1240 3389 portat,
1261 3319 1293 3371 ct
1314 3311 1346 3368 in

249 3385 343 3452 domo
367 3389 455 3450 illius
482 3387 677 3466 exhibuerit,
698 3387 844 3470 simplam
868 3388 1063 3450 solutionem
1087 3389 1242 3451 restituat.

329 3469 390 3540 ΙΧ,
431 3469 466 3531 Si
490 3471 650 3552 ingenuus
677 3469 813 3552 fugitivo
846 3491 902 3532 seu
931 3471 1173 3554 Burgundionis
1197 3494 1255 3535 seu
1281 3473 1345 3535 Ro-

247 3555 333 3616 mani
356 3551 502 3618 conscius
528 3573 645 3634 panem
672 3552 809 3630 dederit,
830 3551 1006 3634 fugitivum
1026 3563 1166 3618 revocet.

328 3636 371 3706 X.
413 3635 448 3699 Si
468 3635 614 3697 nesciens
634 3657 751 3718 panem
775 3635 923 3712 dederit,
954 3643 1009 3694 aut
1030 3634 1150 3698 flumen
1173 3636 1347 3714 tranmerit,

245 3722 300 3786 vel
318 3722 404 3785 viam
422 3717 609 3796 ostenderit,
630 3726 826 3781 sacramento
848 3717 921 3778 dato
937 3717 1059 3778 nnllam
1081 3718 1276 3781 calumniam
1294 3741 1348 3804 pa-

248 3806 355 3872 tiator.

249 3918 681 3942 W

314 3977 341 4048 r)
358 3976 400 4030 Al.
417 3991 480 4030 mss.
498 3973 637 4025 soluturus
654 3981 703 4026 est.
778 3968 804 4040 s)
820 3969 862 4023 ll.
888 3989 935 4025 ms.
958 3974 1117 4046 provincias
1148 3987 1266 4028 nostras.
1329 3976 1352 4045 a)

244 4049 353 4102 Desunt
369 4047 422 4097 ista
440 4046 468 4096 in
494 4044 529 4094 al.
548 4060 611 4096 mss.
680 4039 711 4110 a)
728 4040 838 4092 Herold.
854 4047 1007 4112 praesentis
1025 4057 1055 4097 ut
1073 4043 1173 4098 dictum
1196 4057 1236 4098 est
1252 4059 1352 4098 sacra·

243 4120 341 4171 mentis
359 4116 440 4167 dotis.
477 4114 503 4184 a)
520 4115 562 4166 al.
580 4129 640 4165 mss.
661 4113 798 4163 incurras.
868 4113 1030 4182 w)lle101d.
1055 4126 1229 4174 sacramenta
1254 4127 1286 4166 aa
1303 4134 1351 4167 su·

241 4187 399 4260 pradictum
418 4197 457 4241 m
471 4184 615 4256 praebeat,
635 4194 692 4243 usu¹
707 4181 894 4254 profugium
918 4183 977 4236 XV.
1005 4184 1117 4257 solvat.v
1182 4185 1214 4256 x)
1229 4183 1270 4238 ll
1301 4202 1350 4238 ms

164 4271 235 4293 *a*
244 4257 306 4308 XX.
325 4255 376 4309 sol.
