2900 5020
424 253 591 312 emcrun
614 251 836 310 resonantur
861 252 970 310 nasis
1001 205 1003 212 Α
1198 233 1293 314 405.
1324 225 1327 229 ’

159 401 256 468 etiam
277 394 362 462 illud
378 393 595 477 mancipium,
625 391 714 476 quod
732 391 767 452 in
790 391 955 456 Ecclesiae
973 390 1104 456 latebris
1129 415 1273 458 commo·

157 495 267 561 ratur,
298 480 324 542 si
344 489 433 539 extra
455 477 635 539 Ecclesiam
649 474 793 558 potuerit
817 473 1068 560 comprehendi,
1099 479 1275 544 adomino

155 567 308 653 protinus
329 561 525 626 vindicetur.
695 609 698 618 Δ

237 645 346 712 LXXI.
389 645 422 704 Si
431 642 504 724 quis
518 641 552 700 in
561 661 672 702 caussa
680 639 803 724 publici
816 639 964 707 debitiad
973 641 1155 705 Ecclesiam
1163 663 1260 725 qnam

155 730 237 792 libet
270 725 512 801 convolaverit,
555 722 801 785 archidiaconus
831 746 906 784 cum
939 725 1111 808 compellat
1139 727 1270 812 egredi,

156 815 198 874 ad
226 810 351 874 edenda
379 807 506 890 legibus
532 805 701 872 ratiocinia
729 827 801 866 sua:
831 816 884 866 aut
907 804 1138 875 sibecfacerc
1154 810 1269 872 nolue-

156 896 219 971 rit,
245 894 314 954 eius
331 890 556 967 substantiam,
580 909 676 970 quam
691 889 732 965 ad
758 889 937 950 Ecclesiam
958 890 1095 968 detulit,
1117 892 1188 954 sine
1204 912 1271 952 mo·

156 1000 192 1041 ra
217 976 394 1039 contradat.
437 973 536 1050 Quod
563 970 626 1032 nisi
656 970 791 1048 fecerit,
823 972 938 1052 quanti
962 972 1096 1036 interest
1112 973 1275 1041 ,utilitatis

155 1059 327 1144 publicae,
350 1055 597 1130 archidiaconus
618 1062 751 1135 cogatur
769 1053 948 1117 exsolvere.
1021 1103 1024 1110 .

240 1139 374 1206 LXXII.
415 1139 638 1213 Testamenta,
667 1135 750 1196 sicut
775 1135 867 1217 leges
880 1137 1104 1220 praecipiunt,
1126 1133 1307 1224 attagen-S

158 1233 229 1286 tur:
266 1221 329 1284 boc
361 1221 458 1286 modo
486 1219 567 1282 fides
590 1217 767 1284 voluntatis
799 1219 924 1282 alienae
953 1221 1093 1286 titubare
1115 1243 1183 1286 uon
1207 1245 1269 1307 po-

155 1307 242 1370 terit.
708 1302 712 1312 '
869 1317 870 1328 ¹
1107 1329 1111 1338 r

235 1383 388 1448 LXXIII.
429 1381 645 1446 Auctoritates
672 1382 890 1466 quorumlibet
912 1385 1074 1468 iudicum,
1103 1388 1154 1464 val
1178 1409 1272 1472 prae-

154 1481 247 1552 cepta
274 1467 449 1532 cuiuslibet
467 1467 551 1528 sedis
574 1488 609 1527 ac
632 1467 816 1550 potestatis,
839 1469 1050 1551 solapublica
1076 1479 1200 1533 servata
1218 1471 1268 1532 ci-

153 1555 278 1625 vilitate
297 1559 501 1630 exequantur
516 1547 621 1610 officia
632 1573 643 1609 s
655 1558 687 1610 et
704 1559 903 1612 conventum
919 1552 1056 1616 sufficiat
1064 1553 1266 1637 promittere,

153 1659 186 1698 se
206 1637 247 1696 ad
268 1633 426 1694 iudicium
444 1653 512 1693 esse
531 1637 724 1710 venturum,
747 1632 831 1692 nihil
853 1634 939 1694 ultra
961 1647 1145 1717 praesumat
1168 1658 1267 1720 appa-

152 1719 246 1780 ritor.
287 1717 330 1776 Et
351 1715 440 1775 illius
461 1713 545 1774 sedis
570 1714 732 1795 apparitor
762 1715 973 1780 executiones
999 1719 1170 1801 suscipiat,
1203 1740 1267 1779 un-

155 1801 195 1862 de
223 1805 393 1881 praecepta
416 1795 624 1860 manaverint.
667 1797 764 1874 Quod
795 1797 822 1859 si
845 1799 978 1861 alterius
1000 1801 1111 1880 miles,
1134 1801 1267 1863 alteriue

154 1881 271 1943 iudicis
295 1879 517 1948 anctoritatem
537 1877 670 1958 exsequi
697 1879 781 1940 forte
809 1882 1031 1962 temptaverit,
1064 1883 1268 1952 amissionem

154 1963 279 2047 cinguli
295 1961 434 2023 fustibus
453 1981 562 2022 caesus
576 1959 736 2040 incurrat:
757 1961 902 2046 litigator
916 1973 1023 2028 autem
1039 1966 1206 2050 negotium
1220 1965 1268 2026 in·

154 2054 348 2109 cunctanter
367 2045 498 2124 amittat.
884 2109 886 2114 ,

235 2125 383 2192 LXXIV.
425 2127 460 2185 Si
482 2124 603 2206 petitor
625 2125 770 2209 improbe
793 2126 884 2187 litem
902 2127 1125 2212 cuiuscunque
1145 2128 1195 2191 rei
1216 2129 1267 2190 al·

152 2211 215 2272 teri
233 2213 317 2272 forte
340 2207 567 2286 commoverit,
589 2219 621 2278 et
634 2210 734 2272 fuerit
749 2211 807 2270 sub
826 2209 909 2271 iusta
930 2212 1169 2272 examinatione
1189 2233 1266 2273 con·

153 2295 275 2370 victus,
311 2311 363 2354 ex‘
376 2293 428 2354 die
446 2291 596 2375 'plantati
621 2291 800 2353 solenniter
828 2291 945 2375 iurgii,
975 2303 1120 2376 sumptus
1148 2305 1181 2356 et
1199 2295 1267 2357 litis

154 2397 331 2459 expensas,
358 2397 441 2456 quae
472 2395 506 2434 se
533 2375 676 2457 pulsatus
704 2374 863 2436 immerito
888 2373 1076 2437 sustinuisse
1097 2377 1266 2456 docuerit,
1351 2443 1352 2448 η

154 2459 330 2542 apetitore
362 2455 517 2538 recipiat,
549 2457 609 2516 sub
635 2455 855 2518 aestimatione
883 2458 1008 2536 scilicet
1038 2458 1173 2536 iudicis,
1211 2468 1270 2520 ant

153 2539 314 2602 bonorum
340 2539 484 2601 virorum
503 2561 543 2600 ex
571 2538 774 2622 delegatione
797 2541 1016 2602 noscentium:
1047 2561 1186 2622 quornm
1214 2543 1267 2615 iu·

154 2624 259 2684 stitiae
285 2632 318 2683 et
345 2620 588 2683 deliberationis
610 2623 690 2698 erit,
712 2621 824 2702 quales
841 2631 984 2704 sumptus
1000 2622 1066 2684 litis
1097 2633 1130 2684 et
1148 2645 1268 2708 expen·
1325 2679 1326 2684 ,
1408 2683 1409 2690 ,

155 2728 203 2768 sas
217 2726 310 2783 eum,
337 2705 394 2784 qui
416 2705 600 2786 importune
618 2704 755 2765 alterum
767 2704 807 2766 ad
823 2705 991 2789 publicum
1007 2705 1180 2776 deduxerit
1195 2728 1269 2770 exa-

155 2810 230 2849 men
260 2785 433 2849 redhibere
460 2785 640 2849 conveniat.

237 2868 372 2934 LXXV.
415 2869 481 2947 Qui
501 2869 597 2930 etiam
628 2867 755 2950 armatis
783 2866 984 2948 hominibus,
1022 2870 1131 2949 ferro,
1159 2871 1266 2951 fuste,

156 2950 283 3034 lapide,
316 2951 355 3012 de
380 2951 576 3034 possessione
600 2972 814 3033 quemquern,
845 2954 956 3028 domo,
991 2951 1067 3012 villa
1086 2955 1288 3035 expulerit,

152 3033 408 3117 expugnaverit,
431 3032 610 3110 obsederit,
632 3035 801 3112 clauserit,
825 3045 880 3095 aut
895 3037 921 3096 si
938 3038 1023 3095 forte
1036 3045 1168 3116 propter
1183 3035 1268 3100 banc

156 3138 225 3178 rem
249 3119 321 3198 quis
343 3115 490 3176 homines
510 3135 583 3176 suos
610 3115 820 3196 praestiterit,
851 3117 1025 3192 locaverit,
1054 3119 1270 3198 conduxerit,

157 3199 305 3278 turbam,
327 3199 520 3274 seditiones,
548 3198 737 3258 incendium
758 3200 896 3277 fecerit,
927 3199 966 3261 ad
988 3199 1164 3261 violentiae
1192 3222 1269 3282 poe·

158 3303 252 3358 nam,
285 3302 368 3364 quae
389 3289 437 3342 est
454 3280 601 3362 superius
620 3280 796 3360 adscripta,
817 3291 974 3348 teneatur.
1018 3281 1052 3342 si
1073 3282 1144 3363 quis
1161 3293 1270 3346 autem

157 3364 498 3442 sepeliri-mortuum,
542 3362 633 3444 quasi
666 3362 846 3424 debitorem
875 3387 967 3426 suum
990 3365 1161 3442 adserens,
1190 3389 1269 3449 pro·

106 3482 109 3487 -
143 3443 318 3534 nituerit,
341 3444 542 3506 honestiores
566 3446 726 3505 bonorum
744 3467 875 3507 suorum
899 3457 1022 3530 partem
1048 3447 1175 3506 tertia-m
1198 3469 1270 3530 per-

160 3528 254 3604 dant,
295 3538 328 3589 et
355 3529 389 3586 in
414 3527 659 3611 quinquennale
686 3527 821 3587 exilium
848 3529 1046 3612 dirigantur:
1078 3527 1269 3594 humiliores

159 3611 243 3672 caesi
269 3611 426 3688 fustibus,
448 3610 595 3691 perpetui
626 3605 716 3670 exilii
737 3610 852 3671 (Iasum
875 3612 1064 3676 sustineant.

241 3695 388 3760 LXXVI.
430 3691 487 3753 Illi
505 3713 556 3754 res
579 3701 733 3775 occupata
752 3714 812 3775 per
832 3693 1020 3759 violentiam
1041 3693 1128 3755 intra
1146 3715 1269 3756 annum
1304 3689 1306 3696 ’

158 3777 313 3836 momenti
335 3776 406 3837 iure
429 3775 517 3838 salva
541 3775 744 3857 proprietatis
769 3797 878 3838 caussa
901 3777 1077 3844 reddetur:
1118 3779 1174 3860 qui
1197 3799 1273 3838 ean-

128 3932 131 3940 ,
160 3859 233 3918 dem
260 3879 346 3937 rem,
377 3879 474 3940 quam
494 3856 625 3918 alterius
645 3859 905 3939 praesumptione
929 3858 1091 3942 perdidit,
1120 3881 1181 3920 nec
1201 3861 1271 3924 vio-

53 3947 57 3954 '
160 3939 285 4016 lenter,
315 3963 375 4002 nec
397 3939 601 4015 abscondite,
624 3961 684 4000 nec
700 3961 847 4022 precario
871 3941 1021 4023 possidetss

241 4021 406 4087 LXXVII.
449 4022 484 4084 Si
511 4021 596 4085 servi
623 4022 663 4084 de
683 4022 822 4105 ‘irrogata
846 4024 1002 4084 violentia
1030 4012 1170 4084 convicti
1199 4025 1270 4086 fue-

46 4179 50 4183 ,
158 4103 246 4181 rint,
281 4113 337 4182 aut
358 4113 445 4168 certe
473 4103 633 4184 confessi,
670 4114 700 4166 et
727 4103 790 4166 hoe
811 4104 934 4166 domini
956 4117 1128 4187 praecepto
1150 4107 1272 4169 Iactum

161 4189 220 4251 sub
243 4188 326 4251 iusta
348 4197 381 4252 et
399 4187 548 4272 diligenti
569 4185 755 4272 cognitione
775 4187 972 4266 constiterit,
995 4188 1125 4252 domino
1142 4189 1182 4251 ad
1199 4187 1273 4251 vio-
