2876 4992
389 290 492 346 mers
511 291 757 356 areutnrosun
777 290 851 348 rsr.
873 289 1014 366 txxrvs,
1184 276 1255 382 ¹89

159 461 164 469 ·
198 461 202 466 ·
228 430 294 494 Ill.·
322 429 369 492 “Si
400 440 507 493 antem
543 449 619 490 eum
649 428 967 509 interfecerit,xnisi
1009 431 1043 493 in
1074 436 1256 516 quadruvio

145 534 222 577 cum
242 525 363 577 retorta
388 514 553 596 sepultus,
584 513 652 594 ipse
676 513 811 595 capitale
843 523 876 574 et
903 512 1048 580 delatura
1070 539 1144 585 cnm
1165 507 1253 592 furto

143 621 202 662 seu
227 596 300 660 cine
322 597 490 661 werdunia
512 595 565 656 vel
588 595 670 676 legis
689 595 847 656 beneficio
870 597 1040 678 culpabilis
1063 599 1234 671 iudicetur,

228 681 286 746 IV.
330 681 363 741 Si
385 689 491 740 autem
507 677 630 758 aliquid
647 678 760 760 culpae
783 680 988 756 commiserit,
1012 681 1089 741 dum
1111 673 1254 748 intertia-

142 769 195 822 tus
217 771 274 839 est,
297 763 364 844 ipse
386 763 425 822 de
449 761 510 822 hoc
539 759 708 844 culpabilis
730 761 908 841 iudicetur,
936 762 994 844 qui
1016 785 1090 826 eum
1112 787 1150 828 eo
1172 779 1255 832 tem.

140 865 222 930 pore
244 855 315 927 post
335 865 367 905 se
388 843 535 905 retinuit.
1183 861 1186 866 ·

228 927 269 989 V.
311 927 345 986 Si
360 927 454 988 homo
477 925 716 1010 commendatus
738 926 791 988 vel
814 925 972 1008 fugitivus
994 927 1166 992 defunctus
1180 934 1256 996 fue-'
1329 957 1332 960 ·

141 1009 198 1088 rit,
220 1008 371 1070 similiter
395 1011 428 1069 iu
451 1007 632 1090 quadruvio
655 1030 729 1088 cum
749 1017 871 1068 retorta
888 1010 1071 1090 sepeliatur.
1114 1016 1214 1090 Quod.
1227 1018 1255 1078 si

141 1093 187 1152 ita
209 1114 274 1152 nou
297 1093 422 1168 fecerit,
444 1091 522 1172 ipse,
545 1091 603 1172 qui
625 1105 699 1151 eum
721 1101 792 1172 post
812 1113 845 1152 se
866 1092 1022 1172 retinuit,
1043 1096 1183 1178 pretium
1205 1099 1255 1162 rei

141 1197 217 1238 cum
238 1175 318 1257 legis
339 1174 499 1236 beneficio
520 1173 691 1254 culpabilis
714 1175 884 1235 iudicetur.
1246 1240 1254 1250 Ι,

229 1257 288 1320 VI.
332 1259 365 1318 Si
394 1267 500 1318 autem
523 1256 641 1316 anirnal
664 1256 864 1316 intertiatam
885 1255 969 1316 infra
992 1257 1147 1339 placitum
1168 1285 1255 1326 mor.

140 1348 234 1403 tuum
253 1340 362 1418 fuerit,
384 1351 463 1400 tuno
480 1340 548 1415 ille,
570 1339 627 1419 qui
644 1360 770 1399 causam
788 1338 1004 1420 prosequitur,
1019 1362 1096 1405 cum¹
1111 1348 1247 1410 testibus

139 1445 317 1484 memorare
337 1423 451 1500 debet,
474 1422 615 1503 qualiter
636 1421 849 1502 adpretiatum
870 1423 988 1499 fuerit,
1011 1433 1043 1484 et
1064 1426 1131 1505 ille,
1144 1451 1254 1513 snper

141 1527 240 1587 quem
261 1505 455 1581 intertiatur,
479 1506 567 1564 corio
596 1525 669 1565 cum
693 1504 794 1584 capite
818 1505 1013 1566 decorticato
1035 1505 1068 1594 c)
1096 1511 1130 1569 in
1162 1513 1252 1593 praess

139 1590 244 1650 sentia
274 1588 390 1650 iudicis
420 1595 582 1647 auctorem
612 1607 705 1649 suum
736 1588 906 1647 ostendere
934 1589 1040 1656 debet.
1103 1594 1252 1669 Quodsi
1308 1624 1310 1630 ·

139 1681 252 1732 auctor
271 1672 456 1754 receperit,
487 1678 612 1731 tantum
640 1669 781 1732 solidum
803 1691 905 1728 unum
926 1671 966 1731 dc
989 1673 1062 1736 cine
1083 1677 1252 1739 werdunia

28 1751 30 1754 ’
137 1775 200 1837 pro
222 1753 309 1814 corio
331 1755 487 1815 restituat.

223 1836 298 1901 VII.
340 1837 438 1914 Quod
458 1835 485 1896 si
507 1832 625 1892 animal
635 1831 746 1895 vivum
766 1834 876 1911 fuerit,
897 1835 952 1896 sed
975 1835 1177 1901 debilitatum
1195 1843 1250 1905 vel

138 1919 359 1995 macilentum,
382 1926 540 2000 quantum
562 1938 600 1977 eo
623 1918 991 1999 temporeadpretiatum
1011 1922 1122 2000 fuerit,
1139 1925 1184 1984 sic
1208 1925 1248 1986 de

138 2003 213 2062 cine
238 2002 406 2064 werdunia
426 1999 582 2060 restituat.
623 1997 654 2056 si
680 2010 785 2060 autem
806 2013 918 2060 sanum
936 2003 989 2063 vel
1009 2004 1250 2070 immaculatum

139 2085 328 2161 restituerit,
350 2093 429 2144 tunc
452 2103 546 2144 omne
568 2081 706 2162 pretium
729 2104 821 2142 suum
841 2085 985 2166 recipiat.

220 2167 312 2228 Vlll.
355 2165 452 2244 Quod
484 2167 509 2225 si
540 2165 627 2224 furto
661 2165 800 2224 ablatum
822 2165 938 2244 fuerit,
968 2168 1126 2232 tuncille'
1150 2195 1249 2255 super

136 2270 235 2331 quarn
255 2249 454 2308 intertiaturn
474 2247 589 2326 luerit,
601 2247 736 2330 capitale
755 2256 786 2308 et
808 2247 953 2309 delatura
975 2273 1049 2312 cum
1070 2255 1159 2316 furto
1181 2258 1249 2320 cul·

135 2332 252 2416 pabilis
274 2331 447 2392 iudicetur.

222 2415 277 2480 lX.
321 2415 519 2475 Vestimenta
541 2411 586 2498 d)
617 2420 723 2472 antem
745 2433 800 2472 scu
822 2412 873 2477 his
894 2414 1011 2476 similia
1033 2415 1152 2502 absque
1173 2441 1247 2505 pro-

137 2495 237 2558 babili
257 2497 349 2579 signo
373 2497 537 2557 intertiare
559 2495 776 2578 prohibemus.

118 2637 120 2641 J
165 2617 257 2686 un.
283 2617 465 2686 Lxxnr.
515 2612 621 2709 (75.)
670 2614 727 2682 ue
760 2616 909 2685 nomine
941 2617 1051 2710 ligno
1082 2568 1220 2714 absque

530 2713 666 2783 iudicio
692 2716 848 2783 dimisso.

222 2829 248 2894 I.
289 2833 324 2894 si
346 2832 419 2915 quis
441 2831 600 2913 ingenuus
621 2833 793 2914 Ripuarius
822 2833 927 2893 furem
948 2838 980 2910 c)
1009 2834 1178 2917 ligaverit,
1211 2849 1244 2902 et

137 2937 213 2976 eum
235 2917 353 2996 absque
376 2915 498 2974 iudicio
528 2915 688 2996 Principis
710 2916 834 2978 solvere
857 2921 1122 3000 praesumpserit,
1150 2941 1245 2982 sexa-

137 2999 226 3082 ginta
245 3000 356 3060 solidis
379 2996 550 3079 culpabilis
571 2996 741 3057 iudicetur.

218 3081 260 3145 ll.
303 3081 431 3163 siquis
453 3101 528 3142 eum
547 3099 606 3162 per
625 3081 690 3140 vim
711 3079 834 3160 tulerit,
856 3079 1020 3164 sexaginta
1040 3085 1153 3149 solidis
1175 3088 1244 3150 cul·

132 3164 250 3247 pabilis
272 3163 445 3228 iudicetur.

216 3251 279 3309 III.
322 3247 355 3307 Si
378 3257 485 3306 autem
505 3243 622 3326 ligatus
645 3245 722 3326 fuga
749 3247 854 3328 lapsus
875 3243 992 3325 suerit,
1030 3259 1062 3309 et
1082 3248 1145 3312 hoc
1168 3275 1243 3316 cum

130 3350 190 3390 sex
215 3329 386 3407 iuraverit,
408 3328 497 3410 quod
518 3331 636 3411 absque
660 3331 729 3391 eius
750 3325 917 3392 voluntate
938 3330 1015 3413 fuga
1036 3332 1142 3418 lapsus
1163 3337 1242 3400 fuis·

132 3420 192 3491 set,
215 3413 373 3473 innocens
395 3411 558 3475 habeatur.

148 3515 150 3520 ·
215 3493 274 3559 IV.
319 3473 353 3555 Si
375 3503 492 3570 autem,
514 3492 567 3554 cui
590 3494 829 3556 commendatus
850 3493 965 3575 luerit,
993 3496 1072 3582 fuga
1088 3502 1244 3584 eraserit,

134 3577 359 3660 sexagintas)
389 3577 499 3638 solidis
528 3575 698 3659 culpabilis
719 3577 891 3638 iudicetur.
1219 3609 1223 3614 ·

135 3685 224 3766 Tm
251 3696 429 3768 LXXIV.
480 3693 588 3790 (76.)
646 3697 699 3766 Ut
720 3699 841 3766 nullus
871 3721 952 3765 cum
985 3720 1093 3773 servo
1124 3701 1242 3770 tradi..

328 3799 466 3866 tionem
492 3797 553 3868 vel
579 3800 896 3866 commutationem
920 3797 1040 3865 saciat.

146 3999 148 4002 Ι
183 3981 186 3984 ,
213 3925 282 3986 Hoc
311 3933 418 3986 autem
440 3925 681 4005 constituimus,
710 3936 746 3986 ut
767 3926 883 4002 nullus¹
906 3947 980 3986 cum
1008 3943 1101 3986 servo
1131 3923 1240 3988 alieno

131 4007 297 4094 negotium
318 4009 419 4068 faciat
438 4009 490 4069 vel
514 4009 796 4072 commutationem
820 4011 932 4072 vlacere
954 4029 1020 4068 non
1045 4019 1239 4091 praesumat,¹

200 4178 227 4249 c)
245 4181 313 4234 Cod.
331 4198 387 4252 reg.
406 4181 599 4241 descorticato.
636 4183 753 4236 Corbion
782 4183 963 4254 decortigato.
999 4181 1066 4232 Met.
1086 4176 1245 4237 decuriatos

127 4247 287 4318 &Heruli
307 4256 504 4309 vestimentum.
557 4255 586 4325 c)
603 4255 729 4311 corbion.
739 4254 892 4328 faronem,
933 4254 970 4338 J)
993 4250 1072 4336 liud.
1091 4250 1223 4337 XLsol,
