2826 4998
69 381 73 390 ,
132 373 133 376 π
164 332 193 399 tl
607 346 813 401 1111111110.

162 497 364 604 tremene
381 505 628 582 Reiu'tori'ornet'
639 509 753 602 *louge*
766 519 1034 603 emendatiorem,
1066 543 1165 609 quens
1184 546 1267 607 quse

156 637 254 720 vulgo
275 637 431 716 hebetur,
460 635 535 697 dure
562 633 667 699 licuit.
693 636 787 696 -Nsm
807 645 935 719 praeter
955 637 1114 701 editiones
1134 639 1268 702 Tiliiet

54 777 56 795 ¹
146 726 404 835 'Linteiitto'git³
422 757 453 812 et
480 733 548 812 ties
571 737 707 813 Codices
739 771 877 834 qnorum
906 773 967 836 ope
998 749 1147 816 Bulusius
1171 770 1269 817 'sunm

157 865 335 929 editionem
368 864 556 944 edor'nevit,
583 864 697 926 sedulo
726 866 852 928 contuli
885 866 987 929 verius
1015 867 1172 930 lectiones
1203 869 1269 929 Co·

155 981 236 1044 dicis
258 979 493 1064 Senkenhergii
514 986 564 1059 a),
592 979 872 1043 Helmestsdiensis
893 981 941 1061 d),
972 990 1004 1044 et
1032 1003 1089 1044 sex
1110 983 1268 1046 Codicum

156 1096 412 1175 Baeticorum,
454 1095 572 1178 quihus
609 1096 797 1158 Medererns
835 1095 870 1157 in
911 1097 1178 1181 praestantissime
1209 1119 1268 1160 ons

155 1193 300 1275 editione
321 1217 355 1293 c)
386 1234 462 1274 nene
491 1221 550 1277 est.
590 1211 714 1274 Seriem
740 1220 846 1275 tamen
869 1212 1053 1275 Titulornm
1077 1234 1159 1295 qnae
1180 1214 1266 1296 apud

157 1329 328 1391 Bulnzinm
357 1328 496 1391 habetur
524 1329 660 1396 servavi.
715 1327 836 1393 Iisdem
865 1323 1110 1412 feresnbsidiis
1138 1331 1172 1393 in
1198 1334 1264 1394 De·

155 1454 244 1506 creto
267 1443 443 1506 Tassilonie
464 1435 665 1505 emendando
687 1445 814 1526 gavisus
836 1467 923 1524 sum,
945 1454 978 1507 et
997 1445 1131 1530 insuper
1152 1445 1264 1510 Codex

156 1561 476 1624 Benedictobnrenns
498 1561 537 1621 ab
549 1563 656 1624 Herm.
670 1556 874 1624 Scholiinern
895 1560 930 1642 d)
951 1560 1055 1624 editus
1076 1563 1116 1625 ed
1136 1561 1262 1646 insigne

154 1676 219 1738 hoe
239 1676 438 1759 antiquitatis
459 1665 716 1738 monumentum*
730 1676 898 1759 hucusque
924 1677 1020 1740 nimis
1042 1677 1223 1760 neglectum
1244 1699 1263 1740 ι

156 1791 222 1853 cuis
246 1792 354 1854 naevis
373 1792 611 1854 restituendum
632 1799 778 1874 magnam
799 1791 969 1856 utilitatem
990 1793 1105 1855 attulit.

237 1907 354 1989 Legem
386 1906 652 1990 Burgundionum
682 1908 851 1969 emendavi
880 1929 921 1970 ex
949 1908 1090 1970 editione
1111 1909 1261 1987 Heroldi·‚

154 2031 251 2104 quam
273 2032 389 2083 caeteri
412 1998 559 2085 editores¹
578 2024 707 2106 penitus
736 2024 972 2106 neglexerunt,
1006 2033 1039 2084 et
1068 2045 1108 2086 ex
1139 2024 1262 2086 duobus

119 2181 123 2189 -
156 2137 329 2202 Codicibus
363 2141 498 2223 Regiis,
534 2160 614 2222 quos
645 2141 678 2200 in
712 2140 854 2201 editione
882 2139 1014 2200 Martini
1041 2139 1189 2222 Bouqnet
1227 2144 1263 2216 e)

149 2264 281 2326 ,notatos
315 2255 438 2319 inveni.
492 2257 559 2318 Nec
590 2228 800 2340 paucissima,
841 2275 924 2337 qnae
957 2257 1062 2338 nuper
1096 2225 1263 2338 Spungenss

152 2369 286 2453 bergine
315 2393 355 2433 ex
383 2394 442 2434 sno
473 2370 592 2434 Codice
620 2370 770 2456 protulit,
800 2369 1054 2453 praetermittere
1081 2372 1179 2437 votui.
1220 2372 1262 2433 ln

155 2486 243 2570 Lege
274 2487 461 2550 Frisionum
500 2487 596 2549 nihils
617 2487 693 2549 novi
732 2487 871 2549 adiicere
909 2487 1012 2553 licuit.
1067 2486 1117 2546 Ad
1142 2488 1262 2570 Legem

154 2601 348 2686 Aug-tiorum
372 2614 403 2666 et
423 2605 633 2667 Werinornm
654 2601 1041 2686 idem'Spungenbergius
1062 2600 1140 2660 mihi
1165 2622 1261 2682 quus·

155 2719 227 2780 darn
249 2719 416 2782 varietates
439 2743 477 2782 ex
500 2719 619 2781 Codice
641 2715 850 2796 Corbeiensi,
881 2719 958 2779 item
986 2716 1173 2798 ndLegcm
1202 2716 1260 2774 Sa-

152 2853 278 2894 ·xonurn
308 2855 348 2895 ex
376 2835 490 2896 eodem
517 2833 638 2896 Codice
665 2831 853 2896 Corbeiensi
881 2839 914 2895 et
942 2852 983 2894 ex
1010 2831 1132 2909 aiteio,
1162 2851 1258 2913 quens

161 3041 596 3060 ...Ι--ι-ιι--υ-ι-

224 3160 255 3231 e)
288 3157 384 3212 Heinr.
402 3155 499 3209 Christ.
523 3155 664 3211 Frciherrn
684 3173 739 3212 von
757 3154 939 3222 Sentenbem
961 3153 1112 3210 Gedanken
1127 3172 1179 3210 von
1198 3155 1260 3208 dem
1300 3150 1303 3159 '

152 3254 282 3322 jederzcit
307 3251 449 3306 iebheften
470 3251 616 3304 Gebrauch
635 3249 682 3302 des
702 3249 808 3305 nralten
833 3248 984 3302 deutschen
1001 3246 1187 3316 birrgerlichen
1203 3248 1261 3302 und

149 3345 333 3402 Stuutsrechts
352 3345 381 3396 in
397 3345 485 3397 denen
505 3341 688 3410 nechherigen
714 3341 937 3410 Reiehsgcsetzen
959 3342 1016 3394 und
1033 3342 1257 3397 Gewohnheiten.

152 3437 278 3508 (Franks.
304 3439 376 3508 1759
397 3439 441 3508 8.)
466 3438 492 3490 S.
517 3440 569 3507 239
593 3465 622 3477 -
647 3436 688 3504 59.

220 3556 247 3627 t)
283 3557 366 3608 Bruns
390 3552 511 3620 Beitrtge
532 3570 565 3607 zu
584 3551 638 3603 den
658 3549 811 3606 deutschen
829 3548 954 3604 Rechten
976 3557 1029 3605 etc.
1046 3552 1071 3604 S.
1096 3553 1253 3620 87-113.

222 3671 249 3742 c)
283 3674 365 3739 Leges
385 3672 596 3734 litterariorum,
613 3670 678 3724 oder
692 3671 801 3723 tltestes
825 3668 1000 3722 Gesetzbuch
1025 3670 1073 3725 der
1092 3670 1256 3737 Baiuvarier,

149 3767 222 3821 nach
244 3768 320 3820 einer
340 3769 446 3822 urelten
470 3765 645 3820 Handschrist
670 3766 718 3818 der
738 3763 875 3818 kurffirstl.
904 3763 1259 3820 universitecs-Bibtiothuk

153 3845 190 3919 zu
207 3863 359 3930 lngolstadt
378 3865 419 3916 inu
439 3863 576 3918 Teutsche
597 3862 751 3925 iibersetzt,
777 3862 827 3914 mit
847 3861 909 3914 fnnf
927 3861 1029 3913 andern
1052 3860 1137 3912 Codd.
1163 3855 1259 3915 vMettis

152 3960 309 4029 verglichen
329 3971 381 4014 etc.
398 3978 453 4014 von
474 3959 531 4013 tuh.
555 3960 668 4028 Nepomr
690 3958 821 4010 Mederer.
853 3956 1103 4043 ingolstndt*179d.
1128 3958 1153 4009 8.

221 4078 252 4151 d)
284 4081 406 4148 Beitrtge
424 4099 472 4138 zur
486 4079 722 4135 vuterltndischen
740 4071 858 4132 Historie
872 4086 943 4143 etc,
960 4075 1182 4143 heransgcgeben
1203 4093 1259 4129 von

153 4175 255 4227 Lorcnz
275 4173 486 4226 Westenrieder.
522 4171 661 4227 Miinchen
688 4171 875 4240 1788.Th.1.
898 4171 924 4225 S.
947 4171 978 4239 14
1001 4200 1031 4214 -·
1054 4187 1132 4238 nn„
1178 4235 1180 4240 Ι

222 4294 249 4361 c)
283 4293 382 4358 iterum
397 4291 801 4358 GallicorumetFrancicerum
816 4292 967 4362 scriptores.
993 4289 1256 4368 Tomittpegntd.
