2876 4992
466 327 618 383 rochum
635 325 684 382 ar
702 323 890 383 scararum
1155 305 1225 376 119

691 465 816 532 raverit·
833 469 938 537 (uasa.
947 462 1139 542 coacta-aot
1152 474 1228 528 suut

692 548 766 614 den.
793 548 865 614 UD.
882 541 941 628 qui
963 547 1024 611 fac.
1046 545 1103 611 sol.
1125 546 1227 626 tht.

692 652 716 692 s.
732 629 818 712 culp.
833 627 899 694 iud.

733 710 769 772 Si
791 732 869 776 voro
890 705 1000 792 puella
1017 709 1089 772 sine
1111 707 1229 772 volun-

692 804 756 856 tate
773 799 944 876 pareutum
970 793 1185 855 tonsoraverit
1206 817 1232 858 a.

693 872 1052 958 den.11)ccc.quifac.
1066 873 1229 941 sothv.

693 957 780 1042 culp.
801 955 869 1024 iud.

132 1141 246 1218 XXV.
271 1143 331 1215 De
347 1139 535 1210 adulteriis
550 1141 659 1214 ancil·
693 1135 858 1212 XXXV.
881 1137 941 1207 Do
952 1138 1140 1209 adulteriis
1158 1137 1229 1217 An:

185 1245 300 1315 iarum
319 1239 381 1318 vel
399 1261 600 1316 servorum.
874 1235 1052 1312 uillarum.

170 1407 201 1470 si
221 1407 292 1490 quis
320 1404 483 1487 ingenuus
508 1426 582 1466 cum
606 1425 660 1464 an·
734 1401 863 1485 Siquis
887 1423 962 1464 oum
985 1403 1104 1466 anciila
1129 1403 1235 1466 aliena

136 1490 236 1552 cilium
256 1489 396 1549 alienam
412 1496 552 1548 maeatas,
564 1485 664 1550 fuerit
695 1483 859 1546 mechatus·
882 1485 982 1546 fuerit
1002 1493 1115 1560 (urar.
1134 1488 1239 1547 evole«

134 1583 164 1635 et
176 1573 203 1633 ei
221 1571 321 1632 fucrit
337 1569 545 1650 adprobatum
557 1577 665 1644 (uasa.
696 1568 781 1644 sinc)
803 1573 879 1627 sunt
901 1567 974 1633 deu.
999 1569 1066 1630 DC.
1088 1569 1146 1652 qui
1173 1571 1235 1642 i'ac,

134 1654 301 1728 teolosina)
329 1660 405 1712 sunt
429 1651 496 1720 din.
511 1653 580 1718 DC.
602 1653 663 1716 fac.
697 1648 755 1716 sol.
772 1647 846 1716 XV.
861 1649 947 1735 culp.
962 1649 1028 1712 iud.

135 1737 185 1802 sol.
200 1736 269 1802 XV.
289 1734 376 1815 culp.
401 1729 467 1800 iud.

171 1819 287 1879 Sirero
301 1837 375 1878 cum
388 1815 458 1898 regi
473 1810 666 1877 ancillamo·
738 1813 773 1876 si
796 1812 869 1896 quis
896 1835 971 1878 cum
998 1815 1117 1878 anciila
1138 1819 1234 1902 Regis

134 1901 238 1964 chatus
257 1898 368 1976 fuerit,
394 1907 428 1960 et
444 1897 474 1959 oi
493 1896 594 1959 fuerit
614 1898 668 1958 ad·
698 1897 862 1958 mechatus
882 1898 982 1960 fuerit
1003 1907 1117 1972 (uara.
1131 1903 1232 1963 evale-

133 1984 298 2068 probatum
334 1988 454 2054 (urso.
485 1978 667 2054 teolosina)
700 1980 794 2042 sinat
816 1989 891 2040 sunt
909 1981 986 2048 den.
1003 1981 1082 2047 lCC.
1098 1983 1156 2067 qui
1175 1985 1234 2052 fac.

135 2074 205 2127 sunt
221 2066 289 2126 din.
303 2059 388 2127 ICC.
406 2063 469 2132 fac.
488 2059 547 2128 sol.
561 2059 668 2128 XXX.
700 2060 758 2123 sol.
774 2060 881 2124 XXX.
897 2063 983 2146 culp.
1006 2062 1073 2125 iud.

136 2149 219 2228 culp.
235 2147 303 2207 iud.
742 2143 777 2203 Si
798 2145 870 2226 quis
889 2166 1001 2208 servus
1022 2163 1097 2206 cum
1120 2150 1239 2212 ancilla

171 2229 290 2313 Siquis
308 2227 469 2310 ingenuus
482 2246 555 2288 cum
572 2223 672 2288 ancii-
701 2224 808 2290 aliena
827 2228 991 2289 mechatus
1007 2227 1106 2290 fuerit
1120 2253 1144 2296 s.
1166 2234 1241 2296 den.

136 2313 195 2373 lam
212 2312 350 2374 alienam
363 2309 492 2392 publice
514 2309 669 2388 iunxerit,
704 2305 801 2368 CXX.
811 2310 933 2390 quisae.
943 2310 1000 2378 sol.
1008 2310 1068 2374 ΙΙΙ.
1076 2313 1162 2396 culp.
1172 2314 1238 2382 iud,

134 2395 192 2481 ipsi
212 2416 283 2456 eam
298 2397 331 2455 iu
349 2391 485 2454 servicio
507 2392 608 2456 cadat.
745 2390 779 2450 Si
798 2393 870 2472 quis
896 2412 1007 2455 servus
1029 2395 1146 2454 anciila
1165 2397 1241 2456 alie-

170 2477 203 2538 Si
221 2495 417 2538 servoruum
436 2473 670 2534 aucillaalieua
703 2491 745 2532 na
774 2484 861 2535 extra
887 2477 1087 2537 voluntatem
1117 2478 1240 2538 domini

134 2559 297 2621 mechatus
325 2557 425 2618 fuerit
463 2565 567 2616 etex
599 2556 669 2638 ipso
703 2551 754 2615 sui
783 2556 822 2616 ad
855 2557 1042 2638 coniugium
1069 2560 1243 2622 sociaverit

136 2641 266 2704 crimine
285 2640 404 2700 ancilla
419 2645 544 2698 mortua
559 2638 670 2714 fuerit,
703 2643 818 2712 (uara.
845 2641 1015 2721 cathamo)
1051 2651 1127 2701 sunt
1165 2641 1240 2710 den.

136 2745 243 2786 servus
259 2721 381 2784 CCXL.
395 2721 462 2782 din.
476 2721 533 2802 qui
546 2719 671 2780 iaciunt
705 2716 802 2781 CXX.
812 2722 867 2801 qui
878 2723 938 2782 fac.
947 2722 1004 2781 sol.
1015 2719 1162 2805 Ill.culp.
1171 2722 1238 2792 iud.

136 2807 190 2873 soi.
208 2826 267 2867 sex
283 2803 430 2865 dominus
450 2802 534 2865 servi
547 2802 671 2880 reddat,
746 2800 779 2861 δί
800 2804 872 2884 quis
895 2824 1005 2864 servus
1027 2826 1101 2865 cum
1121 2807 1242 2868 ancilia

137 2898 190 2949 aut
207 2909 318 2949 servus
333 2893 507 2961 castretur,
526 2882 672 2944 dominus
705 2883 811 2942 aiiena
831 2885 995 2947 mechatus
1017 2887 1117 2948 fuerit
1145 2896 1176 2948 et
1200 2908 1241 2952 ex

136 2991 210 3032 vero
223 2968 360 3052 capitale
376 2967 462 3028 dono
479 2966 613 3027 anciliae
625 2967 672 3027 in·
704 2965 774 3046 ipso
789 2967 924 3028 crimine
946 2968 1012 3047 ipsu
1029 2978 1154 3030 mortua
1166 2971 1241 3032 fue-

134 3054 199 3113 fere
217 3051 251 3110 in
269 3052 359 3111 looo:
373 3044 405 3110 si*
417 3049 535 3110 ancilla
550 3068 673 3109 exmor·
705 3047 748 3108 rit
763 3050 906 3110 aut'dcn.
927 3051 1018 3116 CXL.
1031 3053 1088 3132 qui
1107 3053 1166 3118 fac.
1180 3056 1238 3120 sol.

137 3143 188 3194 tua
223 3154 291 3192 nou
322 3129 423 3192 fuerit
458 3136 578 3205 (urar.
615 3131 673 3192 tab
707 3129 1239 3216 VLdominumanciiiaeconpo-

137 3213 276 3287 mundo)
293 3235 403 3276 servus
420 3221 474 3272 aut
491 3211 586 3277 CCC.
602 3211 674 3272 hic·
707 3221 780 3289 nat,
808 3223 863 3274 aut
887 3224 1065 3293 castretur,
1093 3217 1241 3280 dominus
1269 3229 1271 3238 ‘

136 3309 184 3358 tus
198 3297 335 3378 accipiat
354 3304 409 3356 aut
427 3292 525 3359 CXX.
537 3293 603 3359 din.
616 3292 672 3375 qui
707 3293 792 3355 servi
825 3297 960 3382 capitale
989 3301 1024 3362 in
1052 3299 1159 3362 locum
1186 3322 1241 3366 ro·

137 3383 194 3446 iac.
209 3379 331 3440 solidos
347 3377 403 3442 111.
421 3385 553 3462 cogatur
567 3377 674 3438 exsol-
708 3377 825 3440 stituat.

140 3483 223 3526 vere.

179 3543 214 3603 si
236 3562 347 3604 servus
365 3539 516 3604 ancillam
537 3540 676 3602 alienam

141 3627 171 3686 iu
183 3623 371 3708 coniugium
379 3623 547 3686 sociaverit
558 3631 612 3685 aut
623 3645 675 3683 va-

131 3709 222 3791 'puiit
241 3715 297 3766 aut
321 3705 423 3768 CXX.
450 3705 515 3771 din.
536 3703 592 3788 qui
614 3704 674 3769 fac.

143 3789 195 3851 sol.
210 3788 271 3852 111.
288 3785 418 3851 domiuo
433 3788 569 3851 ancillae
586 3807 676 3873 coga-

142 3881 191 3934 tur
205 3871 381 3936 exsolvere.
