2900 5020
218 235 293 324 362
368 229 371 234 ’
515 255 623 314 euers
641 255 842 314 mrsronmr
859 258 935 316 rer,
953 259 1027 314 xix.

218 457 245 545 a.
273 395 352 492 *Ile
386 396 581 482 Compositio
602 396 718 478 liberi,
745 397 848 463 librae
867 399 907 466 V.
933 406 965 462 et
981 395 1113 462 dimidie
1128 417 1203 483 per
1219 403 1369 465 veteres
1415 384 1417 456 i

188 557 207 604 ·’
242 500 377 624 confige.
401 561 597 644 Compositio
612 563 662 625 liti
678 564 780 626 librae
793 563 836 629 ll.
852 572 885 625 et
901 562 1016 630 unciae
1031 563 1088 632 lx.
1108 585 1149 628 ex
1167 583 1258 649 qua
1274 565 1369 634 duae
1417 516 1418 558 i

215 651 321 730 partes
341 643 381 706 ad
395 644 562 707 dominum
581 647 629 726 b),
651 648 747 708 tertie
767 646 807 708 nd
823 646 1024 792 fropinquoe
1048 647 1126 714 eiua.

299 729 356 794 Ν.
400 727 596 809 Compositio
614 731 700 791 servi
721 729 804 792 libra
842 735 901 797 ,et
920 729 1036 794 unciae
1054 729 1114 796 Ν.
1135 739 1170 794 et
1192 729 1367 800 dimidia.

284 809 361 892 luter
377 805 518 866 Laubechi
535 821 564 865 et
582 811 731 866 Sincfalam
754 811 789 883 e}
1422 800 1423 828 l

440 1065 444 1074 ,
524 985 615 1060 Tru.
641 984 748 1068 XVI.
799 982 859 1060 De
877 981 1018 1074 'Fredo

299 1112 328 1181 l.
367 1114 416 1176 De
434 1113 611 1179 homicidio
631 1116 671 1177 ad
689 1091 812 1199 partem
830 1115 1025 1178 dominicam
1041 1136 1101 1199 pro
1120 1118 1224 1182 freda
1246 1119 1363 1184 XXX.

215 1195 313 1265 solid.
327 1206 585 1282 componuntur,
606 1200 665 1283 qui
683 1202 744 1262 eol.
762 1199 864 1262 tribue
883 1199 1027 1262 denariis
1049 1211 1184 1269 conetat.

420 1377 512 1482 TIT.
539 1372 663 1447 XVH.
715 1370 790 1444 Hic
815 1370 956 1444 bannus
983 1383 1040 1444 eet
1063 1371 1116 1471 d).

301 1512 329 1572 I.
372 1508 406 1572 Si
427 1507 500 1591 quis
518 1506 552 1566 in
577 1501 723 1566 exercitu
745 1502 836 1564 litem
856 1502 1082 1582 concitaverit,
1105 1502 1226 1570 notice
1251 1505 1354 1575 dum·
1421 1491 1425 1624 Ι

216 1610 311 1671 num,
335 1592 422 1673 quod
442 1587 564 1665 ellecit,
594 1606 787 1668 componere
803 1591 953 1668 cogatur,
975 1595 1007 1647 et
1023 1585 1063 1647 ad
1079 1597 1207 1672 partem
1231 1589 1354 1652 domi·
1423 1627 1425 1688 4

216 1677 322 1738 nicam
343 1673 451 1734 novies
471 1670 593 1732 fredam
609 1670 779 1751 persolvat
875 1725 880 1734 ,

297 1755 342 1822 ΙΙ.
385 1756 450 1832 Qui
470 1754 504 1813 in
519 1761 609 1814 curte
624 1749 734 1827 ducis,
758 1751 791 1811 in
812 1748 965 1827 ecclesie,
988 1757 1043 1810 aut
1061 1749 1093 1810 in
1115 1749 1197 1812 atrio
1214 1753 1351 1815 Eccle-

215 1839 281 1902 siae
301 1836 464 1900 hominem
485 1833 659 1913 occiderit,
682 1832 793 1894 novies
810 1833 1036 1916 Weregildum
1055 1833 1123 1896 eius
1144 1843 1345 1920 componat,
1424 1845 1425 1902 l

216 1931 248 1988 et
265 1923 378 1984 novies
397 1921 521 1980 fredam
541 1918 581 1978 ed
598 1924 721 1998 partem
738 1915 940 1976 dominicam.

295 2005 357 2069 ΙΙΙ.
399 2004 433 2062 Si
457 2001 529 2084 quis
547 2001 690 2082 legatum
708 1999 803 2082 Regis
822 2000 875 2059 vel
897 1998 996 2060 Ducis
1015 1998 1192 2078 occiderit,
1217 1997 1345 2061 simili·
1424 2047 1425 2070 .

216 2097 266 2152 ter
292 2088 404 2149 novies
430 2085 525 2144 illum
551 2090 740 2167 componat,
769 2080 948 2144 otfredum
968 2082 1118 2145 similiter
1146 2082 1272 2146 novies
1299 2079 1341 2142 ad
1424 2077 1425 2116 ³

213 2181 338 2256 partem
356 2167 559 2230 dominicam.

296 2254 355 2317 IV,
397 2249 463 2326 Qui
494 2267 592 2308 manu
620 2247 756 2308 collecta
785 2245 948 2306 hostiliter
977 2244 1088 2307 villam
1117 2247 1170 2310 vel
1194 2247 1337 2308 domum

214 2335 347 2395 alterins
362 2329 629 2408 circumdederit,
651 2330 725 2407 itte,
746 2329 803 2410 qni
817 2339 961 2390 caeteros
975 2328 1108 2411 collegit
1124 2337 1158 2388 et
1179 2330 1334 2404 adduxit,

213 2417 438 2498 Weregildum
456 2415 495 2475 ad
517 2422 642 2496 partem
659 2412 755 2494 Regis
776 2420 965 2492 componat,
995 2421 1027 2474 et
1051 2411 1110 2494 qui
1129 2433 1202 2472 eum
1224 2411 1334 2474 secuti

213 2508 299 2575 eunt,
321 2497 543 2579 unusquisque
558 2494 652 2556 solid.
667 2493 784 2559 X11.ei
802 2501 832 2566 e)
844 2494 897 2553 cui
910 2495 1072 2574 damnum,
1094 2495 1234 2576 sietiam
1244 2497 1333 2560 dam-

214 2603 292 2646 num
316 2581 441 2641 illatum
458 2589 521 2653 est,
543 2578 578 2638 in
595 2576 695 2658 duplo
717 2575 918 2646 emendetur.
1418 2605 1420 2645 r

281 2665 360 2719 Ultra
378 2659 522 2718 Loubaclri
530 2661 572 2734 s)
588 2678 653 2715 vero
669 2658 701 2713 in
719 2659 828 2730 simplo.

425 2799 516 2869 Tru.
542 2796 686 2868 xvssl.
737 2795 796 2866 De
821 2795 880 2866 die
905 2795 1100 2866 dominico.

295 2931 321 2994 l.
362 2928 427 3008 Qui
455 2949 536 3010 opue
558 2927 678 2990 servile
700 2925 754 2986 die
777 2925 939 2987 dominico
961 2920 1095 3003 fecerit,
1127 2923 1211 2986 ultra
1236 2923 1323 2986 Len·
1422 2932 1423 2943 ¹

213 3013 308 3078 bachi
326 3014 419 3080 solid.
439 3011 515 3074 Xll.
536 3010 570 3070 in
596 3009 731 3073 caeteris
751 3009 832 3070 locis
850 3008 973 3069 Frisiae
993 3008 1049 3072 Ν.
1068 3007 1187 3070 solidos
1210 3009 1320 3090 culpa·

212 3096 287 3158 hilis
305 3097 479 3159 iudicetur.

295 3181 338 3245 Il.
380 3177 414 3238 Si
446 3195 556 3238 servus
585 3173 648 3234 hoo
676 3169 811 3249 fecerit,
843 3171 977 3256 vapulet
998 3178 1053 3252 g),
1083 3181 1138 3234 ant
1161 3170 1318 3234 Dominus

215 3257 285 3326 eine
300 3263 357 3328 Ν.
374 3259 468 3324 eolid.
489 3279 548 3342 pro
569 3256 628 3318 illo
644 3263 824 3339 componat.
1316 3257 1320 3262 “

406 3435 410 3440 ·
484 3408 576 3478 Tru.
602 3405 711 3480 XIX⁴
760 3405 820 3476 De
845 3405 1059 3500 parricidiis.

297 3535 326 3600 l.
367 3535 402 3598 Si
425 3535 498 3618 quis
514 3543 638 3615 patrem
655 3555 748 3594 suum
765 3532 942 3611 occiderit,
964 3534 1077 3616 perdat
1096 3531 1316 3610 hereditatem,

214 3637 297 3703 qnae
313 3618 353 3680 ed
369 3641 441 3680 eum
458 3618 621 3700 pertinere
640 3616 785 3676 debebat.

296 3703 340 3762 ll.
382 3702 415 3762 Si
432 3701 504 3784 quis
521 3700 651 3761 fratrem
666 3721 759 3758 suum
775 3697 949 3777 occiderit,
971 3697 1074 3760 solvet
1086 3719 1160 3761 eum
1173 3698 1315 3781 proximo

214 3783 346 3861 heredi,
366 3784 434 3846 sive
456 3783 558 3844 filium
579 3791 635 3843 aut
648 3781 746 3842 tiliam
760 3780 925 3851 hahuerit;
953 3781 1047 3842 antei
1069 3792 1185 3848 neuter
1204 3781 1315 3844 horum

286 4029 313 4103 b)
331 4029 440 4111 lierold.
462 4030 583 4083 etLind.
602 4028 722 4111 addunt:
747 4029 895 4111 pertinent.
950 4027 976 4150 9
999 4026 1075 4080 Lind.
1094 4026 1146 4108 ista
1163 4043 1219 4098 req.
1236 4025 1316 4080 titulo

217 4111 359 4154 connectit
382 4110 436 4151 ltu:
462 4101 539 4152 luter
563 4099 703 4152 Laubuchr
729 4110 755 4150 ct
775 4098 931 4166 Sincfalam
969 4095 1148 4152 chomicrdio
1167 4111 1216 4150 etc,
1286 4092 1315 4159 d)

218 4171 295 4224 Lind.
321 4171 361 4226 De
380 4172 486 4224 Banno.
557 4170 583 4238 e)
600 4168 710 4222 Herold.
728 4177 757 4220 et
775 4167 851 4220 Lind.
872 4178 898 4223 et
915 4165 949 4219 ei.
1010 4167 1049 4241 s)
1065 4165 1173 4222 Herolt
1192 4170 1224 4220 in
1244 4165 1316 4220 Lau·

216 4242 305 4296 becloi.
384 4238 413 4311 g)
431 4237 539 4294 Herold.
558 4249 586 4294 et
605 4239 681 4294 Lind.
703 4239 855 4309 vapuletur.
