2876 4992
451 325 603 380 sectam
622 321 667 378 rr
685 320 873 376 sesumam
1140 305 1212 385 125

674 462 749 525 den.
775 459 833 548 qui
857 461 918 524 Iac.
944 460 1004 526 sol.
1029 458 1103 528 XV.
1126 463 1212 551 culp·

672 544 773 607 indic.

713 628 748 688 δί
766 626 838 710 quis
856 626 1016 710 ingenuus
1034 626 1214 711 ingenuum

673 709 860 774 castraverit
874 718 929 768 aut
949 708 1056 770 virilia
1075 721 1214 774 transca-

671 791 834 874 pulaverit
861 791 947 852 unde
989 812 1120 854 mancus
1170 794 1213 856 sit

671 874 762 940 VIII.
776 874 850 939 den.
862 872 920 957 qui
932 873 1057 936 faciunt
1074 875 1132 941 sol.
1147 877 1211 940 CC.

672 956 758 1040 culp.
776 954 842 1023 iud.

142 1121 285 1200 xxm
312 1121 371 1192 ne
404 1117 598 1193 convicia.
653 1081 655 1086 ’
697 1122 882 1201 Χινιιι,
924 1122 1186 1202 acconam.

144 1292 175 1352 Si
184 1289 404 1373 quisalterum
415 1284 560 1371 eynitum
576 1283 639 1345 cla·
666 1331 669 1340 .
712 1284 747 1348 Si
765 1284 838 1366 quis
855 1286 990 1352 alterum
998 1290 1141 1354 cinidum
1154 1315 1212 1355 vc·-

107 1377 231 1437 maverit
243 1371 312 1435 Dc.
325 1371 480 1446 dinarius,
497 1367 639 1452 quisunt
671 1369 795 1430 caverit
814 1374 921 1442 (ιιιιι.
935 1375 1127 1456 quinta)DC.
1137 1375 1211 1438 den.

106 1458 159 1520 sol.
181 1457 251 1522 XV⁶
274 1455 361 1540 culp.
376 1452 442 1517 iud.
673 1472 738 1595 qais
763 1451 888 1513 faciunt
923 1455 982 1522 sol.
1014 1455 1090 1521 XV.
1124 1459 1212 1544 culp.

672 1556 707 1594 ιιι
730 1555 770 1596 ιο.
1105 1581 1108 1586 .

141 1620 174 1682 δί
199 1619 272 1702 quis
300 1620 437 1681 alterum
465 1619 638 1696 concagato
713 1615 839 1698 siquis
865 1615 1004 1680 alterum
1027 1620 1210 1684 falsatorem

106 1703 284 1766 clamaverit
302 1705 394 1765 CXX.
422 1699 490 1762 din.
513 1698 640 1760 faciunt
671 1699 859 1763 clamaverit
893 1709 926 1761 ct
965 1723 1031 1763 non
1066 1705 1211 1785 potuerit

112 1789 163 1848 sol.
184 1785 245 1851 Ill.
268 1785 356 1866 culp.
376 1781 443 1843 iud.
671 1782 847 1864 adprobare
891 1778 1008 1866 (mssa.
1041 1786 1211 1858 ischrabo)

142 1867 257 1950 Siquis
269 1868 388 1928 mulier
401 1865 573 1946 ingenuam
584 1879 638 1921 sco
670 1867 738 1930 DC,
754 1865 827 1926 den.
836 1864 894 1946 qui
907 1865 1099 1936 faciuntsol.
1108 1868 1208 1934 XLV.

106 1949 152 2011 vir
168 1973 222 2012 seo
242 1951 363 2010 mulier
378 1947 476 2008 altera
493 1941 638 2004 meletri-
670 1946 756 2029 culp.
777 1946 844 2008 iud.

105 2055 138 2094 ce
152 2033 338 2094 clamaverit
353 2029 428 2092 etei
444 2049 509 2089 non
527 2034 641 2107 potue·
712 2029 746 2090 Si
762 2028 835 2112 quis
850 2028 987 2090 alterum
1002 2025 1210 2114 concagatum

104 2115 143 2176 rit
159 2115 335 2198 approbare
352 2109 497 2176 IDCCC.
514 2108 581 2170 din.
593 2108 639 2168 fa·
671 2111 854 2174 clamaverit
868 2120 900 2172 et
919 2132 984 2173 non
999 2116 1144 2195 potuerit
1153 2114 1215 2176 ada

105 2198 190 2260 ciunt
212 2199 270 2260 sol.
294 2197 390 2260 XLV,
412 2195 498 2276 culp.
518 2191 584 2252 iud.
671 2195 806 2278 probare
838 2192 941 2259 CXX.
968 2195 1042 2262 den.
1072 2196 1130 2278 qui
1160 2197 1213 2257 fa-

139 2281 172 2342 si
199 2280 273 2361 quis
299 2281 435 2340 alterum
454 2275 551 2356 vulpe
575 2272 638 2336 cla·
673 2276 764 2340 ciunt
783 2274 840 2341 sol.
860 2277 918 2341 Ill.
941 2277 1026 2360 culp.
1046 2277 1113 2346 iud,

101 2363 233 2425 maverit
260 2361 365 2425 CXX.
392 2361 458 2422 din.
492 2358 554 2418 fac.
579 2356 638 2419 sol.
713 2359 747 2418 Si
770 2357 841 2443 quis
858 2358 989 2420 mulieri
1008 2360 1151 2444 ingenua
1163 2385 1211 2426 se·

102 2444 155 2506 III.
175 2445 263 2527 culp.
282 2445 350 2510 iud.
672 2462 785 2504 cavere
825 2441 996 2503 mulierem
1039 2447 1209 2509 meretrice

109 2559 111 2566 v
140 2528 172 2590 si
192 2528 268 2608 quis
289 2531 426 2589 alterum
440 2524 551 2606 lepore
572 2522 638 2582 cla·
672 2524 857 2587 clamaverit
869 2534 901 2584 et
915 2544 981 2583 non
995 2529 1140 2606 potuerit
1156 2530 1212 2589 ad-

103 2611 232 2673 maverit
264 2609 335 2672 DC.
366 2608 432 2669 din.
453 2608 513 2672 lae.
544 2605 638 2668 solid.
670 2607 805 2690 probare
827 2606 966 2670 IDCCC.
989 2607 1062 2668 den.
1082 2611 1139 2690 qui
1161 2611 1207 2670 fa·

102 2692 164 2758 XV,
193 2695 280 2775 culp.
297 2692 365 2752 iud.
671 2689 764 2750 ciunt
781 2688 838 2754 sol.
859 2686 960 2752 XLV.
981 2690 1065 2772 culp.
1084 2691 1152 2752 iud.

139 2776 174 2838 Si
192 2777 264 2858 quis
278 2776 415 2837 alterum
430 2768 638 2855 repotaviret,
713 2773 747 2832 δί
766 2771 838 2853 qula
875 2769 1011 2830 alterum
1043 2772 1209 2854 vulpicula

101 2859 184 2940 quod
211 2881 305 2920 suum
327 2867 453 2918 scutum
479 2851 635 2928 iactassit,
671 2853 855 2915 clamaverit
869 2851 976 2913 DXX.
993 2854 1067 2919 den.
1083 2856 1141 2936 qui
1159 2858 1208 2916 fa-

102 2951 132 3002 et
170 2963 237 3001 non
269 2940 412 3023 potuerit
457 2935 634 3017 adprobare
671 2935 840 3000 eiuntsol.
862 2933 924 2995 III.
944 2935 1029 3018 culp.
1052 2936 1118 2997 iud.

103 3021 204 3085 CXX.
229 3023 297 3085 din.
329 3023 455 3083 faciunt
483 3018 541 3080 sol.
574 3015 636 3082 III.
711 3018 835 3099 SiquIs
854 3015 990 3078 alterum
1012 3019 1124 3102 lepore
1145 3019 1208 3082 cla-

101 3107 182 3184 culp.
211 3106 278 3171 iud.
320 3169 321 3172 Ἴ
669 3097 1210 3186 mareritCXX.den.quisaciant

139 3189 171 3248 Si
198 3188 270 3268 quis
300 3185 436 3246 alterum
469 3183 637 3245 dilatorem
670 3183 728 3250 sel.
743 3181 805 3250 III.
823 3182 910 3266 culp.
928 3180 995 3250 iud.

100 3279 151 3331 aut
176 3271 362 3332 falsatorem
383 3266 568 3328 clamaverit
605 3271 638 3324 et

104 3373 165 3413 non
188 3355 333 3435 potuerit
362 3348 537 3433 adprobare
566 3345 635 3409 DC.

101 3433 164 3502 dira.
180 3437 241 3496 fac.
260 3435 317 3497 sol.
334 3431 411 3498 XV.
426 3431 512 3515 culp.
528 3430 595 3490 iud.

145 3600 272 3696 XXX.
305 3603 363 3673 De
379 3603 438 3674 via
458 3599 586 3671 lecina.
694 3589 838 3668 XLIX·
889 3589 948 3660 De
958 3593 1016 3665 via
1032 3592 1182 3672 Lucina.

140 3767 172 3828 Si
188 3766 261 3852 qais
274 3768 396 3828 barone
408 3761 636 3848 ingenuumde
710 3754 746 3816 Si
764 3753 837 3838 quis
848 3753 1012 3819 hominem
1029 3756 1209 3840 ingenuum

102 3849 150 3910 via
167 3843 229 3914 sua*
240 3873 299 3914 suc
321 3859 481 3912 artaverat
508 3856 562 3906 aut
584 3845 637 3904 in-
670 3837 710 3902 de
724 3837 774 3900 via
787 3861 845 3900 sua
860 3839 1014 3902 ostaverit
1029 3851 1084 3899 aut
1097 3840 1209 3923 inpin-

101 3931 247 4012 pinxeret
285 3937 397 4009 (aare.
430 3931 486 3991 via
509 3930 636 3996 lecina)
669 3921 755 3984 xerit
788 3930 902 3996 (aare.
930 3923 1114 3995 vialaeina]
1140 3928 1207 3992 DC,

102 4024 175 4076 sunt
191 4016 335 4078 dinarius
358 4012 427 4079 DC.
443 4011 567 4074 faciunt
578 4008 637 4075 sol.
670 4004 744 4072 den.
755 4004 813 4088 qui
827 4005 954 4066 faciunt
966 4004 1024 4066 sol.
1037 4005 1108 4070 XV.
1122 4008 1208 4092 culp.

104 4095 170 4158 XV.
184 4100 268 4182 culp.
293 4097 361 4159 iud.
670 4087 769 4152 indic.

24 4249 25 4254 ἵ
141 4178 255 4263 Siquis
267 4179 438 4241 mulierem
448 4176 532 4238 viam
548 4196 637 4238 suam
711 4168 746 4231 Si
769 4168 843 4252 quis
859 4166 1015 4232 feminam
1034 4169 1209 4254 ingenuam

104 4263 255 4328 creaverit
263 4271 319 4326 aut
327 4259 514 4348 impinxerit
524 4267 637 4337 (usia
671 4251 774 4334 devia
791 4273 848 4316 sua
865 4254 1019 4318 osteverIt
1032 4265 1087 4318 aut
1102 4253 1209 4340 inpic-
