2900 5020
414 351 581 410 euterun
598 351 820 408 rarounnm
838 353 943 409 arcis
1176 339 1249 416 403
1345 404 1348 426 ,

110 537 112 541 -
137 495 338 577 totidemque
364 494 480 573 boves,
512 501 545 554 et
568 513 671 573 usque
697 494 737 555 ad
764 495 876 557 decem
899 515 1027 578 capras,
1049 507 1080 559 et
1105 503 1252 585 quinque

104 587 106 592 ’
135 602 251 664 porcos
269 579 380 640 tulisse
400 587 463 638 tam
485 576 524 637 de
538 576 683 654 stabulis,
705 598 803 658 quam
817 580 856 641 de
874 579 1001 662 pascuis
1015 579 1116 642 fuerit
1132 587 1251 668 adpro·

134 665 244 740 batus,
273 661 339 722 sive
360 665 419 743 pe'r
435 659 690 740 surreptionem,
721 661 789 724 sive
815 683 851 722 ea
879 662 1040 723 violenter
1066 665 1250 748 abduxerit,

135 743 336 810 severissime
367 743 538 825 puniatur:
578 741 740 824 quidquid
771 765 849 806 vero
884 743 969 802 intra
996 748 1249 832 suprascriptum

134 849 308 892 numerum
333 826 522 886 animalium
544 825 598 886 vel
614 829 794 906 'porcorum
815 828 848 911 z)
880 849 897 885 a
919 848 1116 910 quocunque
1138 834 1249 893 subla.

134 923 205 974 tum
219 910 318 970 fuerit
326 954 338 982 ,
359 918 513 992 tanquam
528 907 652 967 furtum
668 907 727 969 sub
746 908 920 990 quadrupli
941 929 1045 990 poena
1061 913 1215 982 solvatur.

217 993 338 1056 LVlll.
389 993 454 1070 Qui
481 992 615 1067 bovem,
648 992 699 1052 vel
732 1011 854 1072 equum
879 1001 1054 1070 errantem,
1082 997 1135 1056 vel
1157 999 1247 1060 atiud

134 1092 235 1162 pecus
254 1067 448 1152 abduxerit,
470 1073 550 1134 furti
575 1073 674 1154 magis
689 1094 764 1134 reus
784 1074 1036 1152 tenenduszest,
1059 1087 1092 1137 ct
1110 1078 1142 1138 in
1164 1101 1246 1162 qua-

136 1159 290 1240 druplum
305 1157 455 1216 animalia
472 1157 525 1219 vel
543 1175 659 1236 pecora
675 1155 798 1216 sublata
818 1157 982 1217 restituat:
1006 1157 1068 1218 nisi
1089 1181 1126 1220 ea
1149 1163 1187 1222 ab
1206 1187 1245 1224 eo

135 1242 189 1304 die
210 1261 275 1321 quo
293 1233 473 1317 invenerit,
494 1247 616 1318 septem
637 1238 750 1300 diebus
768 1240 931 1300 continuis
954 1239 988 1298 in
1008 1241 1145 1322 publicis
1162 1247 1246 1307 cele·

133 1323 347 1404 berrimisque
366 1321 467 1398 locis,
496 1330 550 1380 aut
572 1325 647 1381 ante
670 1321 869 1402 praetorium
888 1321 1006 1382 iudicis
1025 1329 1243 1408 proposuerit;

133 1405 197 1466 hoc
220 1405 308 1466 enim
324 1404 410 1464 facto
426 1403 550 1476 nullius
568 1423 691 1484 poenae
710 1404 825 1464 damna
841 1405 1007 1467 sustineat.

215 1489 296 1550 LIX.
340 1486 406 1565 Qui
420 1486 593 1568 ingenuam
603 1485 763 1567 virginem
776 1507 836 1568 per
849 1487 916 1549 vim
929 1487 1120 1570 corruperit,
1142 1489 1167 1550 si
1178 1489 1245 1551 ido·

133 1591 197 1632 neo
211 1569 406 1652 patrimonio
423 1567 619 1651 gratulatur,
642 1577 674 1630 et
688 1577 737 1629 est
754 1590 873 1651 genere
887 1570 1021 1647 nobilis,
1044 1571 1179 1632 eandem
1194 1595 1244 1634 ac-

133 1655 242 1736 cipere
261 1659 395 1734 cogatur
414 1671 565 1722 uxorem3
588 1651 632 1710 ita
653 1659 689 1710 ut
704 1651 734 1711 ei
753 1651 956 1733 sponsalitiae
972 1652 1069 1714 titulo
1088 1653 1244 1736 largitatis

120 1735 281 1816 ‘quintam
301 1743 424 1814 partem
445 1732 630 1815 patrimonii
649 1732 698 1794 sui
718 1735 846 1795 noverit
866 1736 1106 1798 conferendam.
1147 1739 1245 1815 Quod

134 1817 162 1878 si
182 1817 246 1876 iam
258 1816 380 1876 habens
400 1835 535 1875 uxorem
553 1816 612 1876 ista
630 1815 843 1895 commiserit,
864 1817 990 1878 tertiam
1005 1827 1128 1900 partem
1143 1821 1245 1900 patri-

133 1901 236 1959 monii
256 1899 306 1960 sui
323 1898 390 1974 illi,
412 1918 509 1979 quam
530 1919 589 1980 per
609 1897 676 1960 rim
694 1899 893 1980 corruperit,
915 1900 973 1960 sub
990 1897 1106 1961 idonea
1128 1911 1160 1960 et
1184 1903 1246 1962 sol·

134 1982 227 2042 lenni
246 1980 404 2062 scriptura
425 1981 500 2042 dare
518 1990 665 2062 cogatur:
691 1989 727 2040 ut
746 1981 803 2040 illa
818 2002 900 2062 quae
917 2003 976 2064 per
998 2003 1072 2042 eum
1088 1983 1244 2044 iacturam

133 2063 268 2148 pudoris
292 2063 452 2140 incurrit,
476 2061 650 2124 honestum
667 2061 768 2144 possit
791 2063 941 2125 invenire
969 2064 1167 2147 coniugium.
1209 2067 1245 2127 si

135 2155 242 2206 autem
265 2147 357 2207 nullo
376 2145 569 2228 patrimonio
586 2153 641 2206 aut
660 2144 827 2206 nobilitate
844 2146 997 2225 fulcitur,
1027 2167 1197 2230 oppressor
1212 2157 1244 2209 et

134 2228 274 2292 violator
291 2229 423 2312 pudoris
440 2227 595 2310 ingenui,
615 2227 776 2308 supplicio
798 2229 967 2289 adficiatur
984 2239 1127 2290 extremo

219 2310 290 2376 LX.
333 2311 367 2372 Si
389 2311 462 2393 quis
480 2311 597 2372 viduae
614 2317 760 2390 stupru'm
775 2311 937 2372 violenter
953 2311 1117 2390 intulerit,
1140 2309 1245 2374 cuius·

135 2391 216 2454 libet
240 2391 306 2454 loci
322 2403 493 2475 corruptor
514 2394 572 2470 sit,
594 2391 745 2452 adulterii
761 2413 867 2474 poena
885 2394 1047 2475 depereat.

214 2475 295 2542 LXI.
338 2476 372 2537 Si
392 2476 560 2558 quievero
583 2475 705 2536 etiamsi
728 2497 802 2536 cum
816 2475 945 2536 volente
967 2485 998 2536 et
1016 2476 1244 2558 adquiescente

133 2557 233 2620 vidua
257 2557 320 2618 hoc
351 2559 473 2619 crimen
500 2556 682 2635 admiserit,
717 2555 851 2618 flammis
880 2558 1049 2620 ultricibus
1075 2569 1244 2621 exuratur:

133 2639 191 2700 illa
219 2660 351 2721 quoque
381 2639 533 2701 adulterii
562 2660 667 2722 poena
696 2640 895 2720 damnanda,
925 2633 1091 2723 quaenon
1115 2643 1245 2704 erubuit

135 2721 248 2784 servili
268 2723 434 2784 subiacere
459 2721 599 2784 libidini.

113 2864 115 2868 .
218 2804 324 2867 LXll.
366 2805 400 2866 Si
422 2815 567 2865 matrona
590 2803 688 2867 vidua
713 2803 850 2866 alicuius
874 2802 1011 2866 libidine
1036 2805 1148 2868 volens
1173 2826 1246 2866 cor-

135 2893 232 2968 rupta
261 2886 319 2964 sit,
348 2895 495 2970 stuprum
519 2888 714 2949 admittitur:
750 2887 812 2948 nisi
841 2888 926 2948 forte
947 2888 1022 2949 vilis
1043 2889 1249 2971 vulgarisque

136 2967 179 3029 sit
199 2969 328 3034 mulier.
371 2968 456 3030 Cum
474 2968 525 3030 his
558 2971 646 3030 enim
678 2969 785 3050 viduis
817 2970 1098 3051 adquiescentibus
1126 2971 1153 3032 si
1175 2971 1249 3051 quis

137 3051 370 3129 concubuerit,
396 3073 475 3134 quas
494 3049 573 3112 artis
596 3074 743 3135 operam,
766 3061 820 3112 aut
840 3052 1010 3114 ministerii
1031 3054 1174 3114 laborem
1193 3073 1249 3133 pu·

137 3131 223 3195 blice
255 3135 407 3196 exercere
438 3133 640 3213 constiterit,
675 3134 738 3196 hoc
760 3135 890 3197 crimini
910 3155 971 3196 nec
991 3135 1060 3219 ipse
1082 3157 1143 3197 nec
1172 3137 1249 3196 illae

138 3223 313 3278 teneantur
334 3216 477 3282 obnoxii.
1097 3249 1099 3252 ·
1240 3273 1242 3277 .

222 3297 345 3361 LXlll.
401 3300 436 3361 si
461 3319 580 3361 servus*
604 3297 729 3358 alienus
759 3308 815 3360 aut
846 3296 1039 3381 originarius
1073 3299 1249 3383 ingenuam

137 3379 298 3462 virginem
316 3403 377 3464 per
397 3382 465 3445 vim
484 3381 684 3462 corruperit,
714 3391 768 3441 aut
793 3393 939 3464 stuprum
957 3383 1074 3444 viduae
1097 3403 1157 3466 per
1183 3383 1250 3442 vim

138 3462 298 3539 intulerit,
320 3473 483 3528 convento
505 3464 647 3544 domino,
669 3463 765 3526 rebus
787 3464 937 3526 discussis
958 3475 1052 3547 atque
1072 3466 1250 3549 patefactis,

108 3583 112 3591 ·
140 3545 244 3629 capite
265 3544 410 3612 feriatur.
669 3565 672 3574 ·

221 3626 336 3689 LXlV.
385 3626 547 3689 Ancillam
581 3627 719 3689 alienam
750 3629 910 3712 virginem
941 3627 994 3689 vel
1030 3628 1248 3711 originariam,

140 3707 313 3772 cuiuslibet
340 3710 469 3788 aetatis,
491 3710 639 3793 quisquis
662 3711 847 3794 ingenuus,
869 3710 954 3770 nulli
974 3719 1080 3771 tamen
1103 3713 1250 3792 quolibet

139 3793 236 3852 modo
264 3792 423 3856 obnoxius
455 3792 597 3871 civitati,
636 3795 835 3876 corruperit,
868 3793 895 3856 si
920 3793 1069 3854 dominus
1096 3795 1247 3871 voluerit,

141 3885 197 3934 aut
215 3887 385 3960 corruptor
403 3876 472 3957 ipse
489 3875 668 3958 rogaverit,
691 3887 722 3938 et
740 3878 825 3958 apud
844 3885 930 3960 gesta
952 3876 1113 3956 professus
1136 3876 1247 3951 fuerit,

140 3976 309 4019 mansurus
338 3959 373 4017 in
394 3957 517 4019 domini
540 3959 691 4020 mulieris
711 3970 883 4042 potestate,
913 3957 982 4018 eius
1004 3978 1100 4038 quam
1123 3959 1249 4020 vitiavit

142 4039 397 4100 contubernium·
420 4061 487 4100 non
512 4041 696 4122 relinquat,
727 4063 807 4119 nec,
836 4041 947 4103 eadem
968 4050 1113 4117 mortua,
1144 4040 1248 4101 disce-

142 4121 243 4202 dendi
256 4119 373 4184 habeat
384 4123 580 4186 facultatem.
623 4123 760 4205 Quodsi
776 4125 924 4186 dominus
938 4122 1074 4186 ancillae
1090 4144 1155 4183 non
1174 4145 1249 4184 con·

211 4324 242 4386 a)
259 4320 301 4377 Al.
321 4322 363 4379 vel
377 4283 514 4396 pecorum·
558 4335 559 4340 ’
