2900 5020
184 305 261 382 402
506 321 674 394 anmruu
693 318 917 380 raucarum
935 322 1041 378 naurs

186 463 353 544 babuerit,
375 461 576 546 allegationis
595 458 726 522 firmitas
746 459 937 543 impleatur,
959 470 1016 526 aut
1041 461 1129 546 apud
1160 462 1307 529 iudicem

187 548 331 612 ciusdem
349 545 557 630 provinciae,
585 544 674 626 quod
697 544 852 604 donatum
872 544 990 624 fuerit,
1012 545 1181 628 allegetur.

261 629 362 696 .Llll.
404 632 453 690 De
468 626 642 690 trad-itione
660 646 740 689 vero
761 649 858 710 quam
879 649 1006 712 semper
1033 630 1068 688 in
1090 629 1170 691 locis
1187 651 1306 692 secuu-

185 713 263 776 dum
277 712 365 796 leges
382 710 453 774 fieri
468 731 598 780 necesse
615 719 678 786 est,
701 710 728 770 si
745 710 966 792 magistratus,
997 711 1166 791 defensor,
1189 713 1306 774 duum·

185 797 250 858 viri
266 806 323 856 aut
340 792 595 877 quinquennalis
611 794 694 852 forte
714 793 898 870 defuerint,
921 794 962 854 ad
980 794 1185 856 conficienda
1199 796 1304 857 intro-

185 878 377 942 ductionum
394 885 499 960 gesta,
520 885 587 936 tres
611 875 775 937 sufficiant
793 876 949 947 curiales;
992 877 1164 939 dummodo
1182 879 1303 942 ricinis

185 961 362 1026 scientibus
383 959 556 1042 impleatur
570 958 747 1040 corporalis
763 957 1014 1021 introductionis
1035 960 1177 1022 effectus.

265 1044 351 1110 LIV.
390 1041 513 1104 Passim
536 1040 740 1105 matrimonia
764 1040 912 1123 dissipari
937 1063 1003 1102 uon
1027 1044 1175 1125 patimur.
1218 1041 1300 1106 ldco

185 1147 304 1189 uxora
326 1125 461 1202 marito,
483 1125 539 1184 aut
560 1124 692 1208 maritus
710 1123 749 1184 ab
770 1145 895 1202 uxore,
919 1124 983 1184 nisi
1004 1126 1145 1208 probatis
1167 1127 1299 1206 caussis,

185 1231 264 1292 quas
280 1207 368 1291 leges
386 1205 684 1290 comprehendunt,
707 1205 824 1268 omisso
839 1207 996 1289 repudio,
1019 1209 1151 1291 a'ingali
1166 1209 1300 1271 viuculo

184 1314 250 1353 uon
271 1292 436 1357 recedant.
477 1291 614 1350 Caussae
632 1299 739 1351 autem
756 1289 834 1351 istae
854 1289 976 1352 debent
993 1311 1060 1352 esse
1078 1292 1220 1358 divortii,
1262 1293 1300 1354 Si

183 1374 316 1435 maritus
332 1384 388 1434 aut
406 1369 587 1449 homicida,
610 1382 665 1433 aut
683 1371 865 1450 maleficus,
887 1381 942 1432 aut
961 1374 1211 1456 sepulchrorum
1229 1377 1299 1438 vio·

183 1458 268 1519 lator
286 1456 325 1517 ab
350 1477 451 1517 uxore
476 1454 511 1514 in
531 1455 678 1515 examine
695 1455 795 1516 fuerit
816 1455 1019 1536 adprobatus.
1061 1458 1198 1519 Maritus
1218 1480 1300 1539 quo·

183 1561 248 1622 que
262 1538 313 1602 his
327 1536 518 1602 criminibus
531 1537 710 1599 convictam
723 1537 837 1599 merito
851 1537 991 1600 dimittat
1003 1561 1150 1616 uxorem,
1164 1540 1190 1601 si
1206 1541 1298 1603 adul-

182 1633 304 1701 teram,
326 1622 352 1683 si
374 1619 574 1698 maleficam,
597 1620 651 1681 vel
673 1620 768 1682 etiam
789 1641 886 1700 quam
909 1621 1028 1704 vulgus
1050 1623 1191 1705 adpellat
1205 1645 1297 1706 agga-

182 1705 309 1786 gulam,
340 1703 374 1764 in
387 1701 514 1764 ‘iudicio
531 1702 674 1784 potuerit
689 1703 877 1786 adprobare.
921 1705 1048 1781 Qui-bus
1068 1706 1210 1784 edoctis,
1230 1729 1296 1768 ma-

181 1789 264 1850 ritus
293 1796 327 1848 et
353 1786 461 1848 dotem
487 1786 651 1862 lucretur,
687 1795 719 1846 et
745 1785 966 1868 sponsalitiam
994 1787 1130 1869 recipiat
1154 1788 1205 1850 vel
1232 1789 1295 1851 sibi

181 1869 298 1932 habeat
325 1868 521 1954 largitatem,
548 1874 580 1928 et
607 1867 695 1928 tituli
722 1869 891 1948 utriusque
918 1870 1147 1952 proprietatem
1178 1891 1294 1932 secun·

135 2009 137 2012 ,
182 1953 260 2014 dum
280 1953 368 2034 leges
388 1951 474 2012 «filiis
503 1970 577 2011 cum
605 1949 751 2011 iubemus
778 1973 907 2012 servare
931 1953 1163 2014 communibus.
1218 1954 1294 2016 Pari

182 2035 279 2097 etiam
297 2035 412 2112 modo,
434 2033 461 2095 si
481 2033 600 2094 mulier
622 2034 772 2095 maritum
793 2033 1013 2116 superioribus
1031 2035 1220 2097 criminibus
1244 2037 1295 2096 in-

180 2120 330 2182 volutum
357 2117 390 2177 in
416 2116 614 2177 iudicatione
642 2115 837 2194 convicerit,
870 2126 910 2192 et¹
930 2119 1038 2178 dotem
1068 2119 1226 2201 recipiat,
1259 2129 1294 2180 ct

180 2199 400 2282 sponsalitiam
420 2201 512 2260 lucro
533 2197 649 2259 habeat
673 2198 861 2280 largitatem.
903 2201 1003 2264 Cuius
1024 2209 1132 2262 tamen
1157 2223 1291 2282 sponsa-

179 2282 270 2344 litiae
299 2290 423 2345 tantnm
452 2281 634 2343 donationis
671 2282 900 2364 proprietatem
930 2283 1042 2343 liberis
1065 2283 1289 2346 communibus

180 2365 275 2426 etiam
297 2367 366 2448 ipsa
382 2373 568 2432 conservets
595 2363 740 2424 nubendi
757 2385 852 2441 vero,
874 2365 927 2427 vel
945 2387 1011 2426 non
1029 2366 1176 2427 nubendi
1192 2367 1291 2428 licen-

178 2447 256 2510 tiam
276 2468 335 2530 pro
350 2445 532 2508 constitutis
553 2447 716 2508 veteribus
736 2447 896 2509 sortiatur.

217 2593 218 2598 χ
263 2530 331 2596 LV.
385 2531 507 2596 Omnes
536 2529 769 2611 appellationes
798 2529 977 2614 suscipiant
1000 2529 1025 2589 ii
1051 2530 1285 2614 provinciarum

178 2611 323 2690 iudices,
356 2633 375 2672 a
401 2612 519 2694 quibus
546 2611 714 2695 provocari
740 2620 862 2693 potest:
892 2614 1024 2694 quando
1054 2613 1186 2696 optimae
1209 2635 1285 2673 con-

177 2695 331 2758 scientiae
351 2696 522 2756 conveniat
538 2694 634 2776 etiam
651 2693 843 2776 superfluam
865 2692 1114 2776 appellationem
1132 2696 1200 2758 sine
1222 2695 1284 2756 du-

176 2778 334 2842 bitatione
348 2778 528 2859 suscipere,
551 2777 627 2836 dum
647 2777 686 2837 de
709 2777 933 2858 appellationis
954 2779 1070 2838 merito
1089 2779 1286 2859 sacerpossit

175 2860 345 2946 perpensis
367 2861 492 2944 legibus
508 2859 656 2940 coguitor
678 2859 832 2921 iudicare.
875 2861 972 2936 Quod
994 2861 1019 2922 si
1042 2862 1140 2922 iudex
1161 2883 1216 2921 sua
1236 2861 1289 2920 ab·

176 2944 279 3006 sentia
307 2945 512 3026 procuravit,
534 2963 575 3002 ue
593 2942 798 3023 appellatoris
821 2941 949 3003 libellos
971 2943 1121 3026 accipiat:
1152 2943 1186 3002 in
1208 2944 1287 3004 locis

176 3027 415 3104 celeberrimis,
446 3025 504 3108 qni
523 3025 685 3106 appellare
707 3025 866 3102 voluerit,
896 3025 1044 3086 libellum
1071 3025 1112 3100 'de
1144 3026 1287 3086 absentia

176 3110 294 3171 iudicis
316 3110 355 3170 de
375 3131 430 3170 sua
447 3098 798 3191 appellationebabere
825 3106 943 3168 debere
960 3129 1139 3190 censemus.
1181 3108 1288 3168 ludex

175 3203 301 3269 autem,
336 3191 393 3273 qui
417 3202 472 3252 aut
495 3190 656 3271 suscipere
686 3189 936 3272 appellationem
957 3189 1203 3272 contempserit,
1231 3199 1287 3250 aut

175 3285 263 3335 certe
291 3275 324 3333 in
353 3273 530 3334 custodiam
559 3271 704 3350 dederit,
736 3281 791 3332 aut
817 3269 1056 3350 temeraverit,
1090 3281 1145 3331 aut
1173 3272 1285 3354 aliquo

175 3355 345 3438 dispendio
374 3356 503 3420 laeserit
527 3353 763 3438 appellantem,
797 3354 908 3415 decem
928 3355 1081 3415 librarum
1101 3355 1171 3414 auri
1188 3355 1286 3414 amis-

174 3439 265 3500 sione
286 3438 442 3516 feriatur,
473 3459 551 3520 quas
575 3437 645 3497 fisci
672 3437 872 3520 compendiis
900 3459 977 3498 cura
1001 3438 1083 3500 sacri
1110 3436 1286 3520 cognitoris

171 3520 386 3605 praecipimus
419 3520 599 3603 aggregari;
640 3520 785 3582 officium
816 3541 967 3602 quoque,
1006 3521 1099 3584 cuius
1132 3521 1284 3596 interest,

172 3603 311 3665 mulctae
334 3604 494 3687 legitimae
516 3600 704 3668 subiacebit.

255 3686 340 3750 LVl.
389 3687 528 3749 Abactor
559 3685 747 3745 animalium
768 3683 823 3746 uel
848 3703 981 3766 gregum
1006 3694 1104 3766 atque
1128 3705 1296 3768 pecorum-

172 3767 373 3846 alienorum,
400 3769 468 3831 sive
496 3790 533 3830 ea
557 3769 597 3830 de
622 3767 771 3844 stabulis,
810 3766 878 3829 siue
903 3769 942 3827 de
971 3769 1097 3848 pascuis
1128 3767 1284 3850 abegerit,

171 3852 279 3934 gladio
300 3851 471 3934 puniatur,
494 3860 526 3911 et
540 3850 575 3910 in
591 3850 811 3933 quadruplum
832 3849 1005 3910 amittentis
1026 3851 1144 3910 damno
1161 3851 1200 3910 de
1215 3851 1285 3912 eius

169 3933 346 3997 substantia
365 3935 561 3998 consulatur.
604 3933 700 4012 Quod
719 3933 745 3994 si
768 3953 880 3994 servus
894 3941 948 3992 aut
965 3933 1157 4016 originarius
1171 3933 1285 4011 fuerit,

166 4017 321 4078 dominus
344 4039 403 4100 pro
429 4017 480 4078 his
510 4024 689 4077 conventus
708 4015 853 4098 legibus,
890 4014 917 4076 si
944 4017 1111 4095 maluerit,
1143 4025 1215 4092 aut,
1248 4025 1287 4076 ut
1338 4025 1340 4029 '

102 4107 104 4110 ’
169 4101 444 4181 supradiximus,
466 4099 652 4175 satisfaciat,
674 4106 729 4158 aut
754 4097 915 4180 impetitos
941 4099 983 4160 ad
1007 4120 1148 4182 poenam
1168 4098 1284 4160 mortis

168 4182 269 4246 iudici
286 4182 417 4264 publico
438 4181 563 4243 tradere
585 4202 649 4242 non
668 4191 812 4242 moretur

250 4264 350 4332 LVII.
390 4265 530 4327 Abactor
549 4264 576 4328 si
596 4285 698 4347 usque
719 4262 758 4326 ad
775 4273 877 4326 uuum
893 4284 1033 4347 equum,
1070 4263 1148 4326 duas
1169 4284 1283 4345 equas,
