<?xml version="1.0" encoding="UTF-8"?>
<!DOCTYPE html PUBLIC "-//W3C//DTD XHTML 1.0 Transitional//EN"
    "http://www.w3.org/TR/xhtml1/DTD/xhtml1-transitional.dtd">
<html xmlns="http://www.w3.org/1999/xhtml" xml:lang="en" lang="en">
 <head>
  <title>
</title>
<meta http-equiv="Content-Type" content="text/html;charset=utf-8" />
  <meta name='ocr-system' content='tesseract 3.04.00' />
  <meta name='ocr-capabilities' content='ocr_page ocr_carea ocr_par ocr_line ocrx_word'/>
</head>
<body>
  <div class='ocr_page' id='page_1' title='image "./corpusiurisgerm02visigoog/corpusiurisgerm02visigoog_0205.png"; bbox 0 0 2876 4992; ppageno 0'>
   <div class='ocr_carea' id='block_1_1' title="bbox 221 294 1069 376">
    <p class='ocr_par' dir='ltr' id='par_1_1' title="bbox 221 294 1069 376">
     <span class='ocr_line' id='line_1_1' title="bbox 221 294 1069 376; baseline 0.008 -7"><span class='ocrx_word' id='word_1_1' title='bbox 221 294 293 369; x_wconf 68' lang='lat'>180</span> <span class='ocrx_word' id='word_1_2' title='bbox 485 316 588 371; x_wconf 75' lang='lat' dir='ltr'>treis</span> <span class='ocrx_word' id='word_1_3' title='bbox 607 315 853 372; x_wconf 78' lang='lat' dir='ltr'>urrusrnonnu</span> <span class='ocrx_word' id='word_1_4' title='bbox 872 315 943 375; x_wconf 87' lang='lat' dir='ltr'>r1r.</span> <span class='ocrx_word' id='word_1_5' title='bbox 958 317 1069 376; x_wconf 78' lang='lat' dir='ltr'>sxvn.</span> 
     </span>
    </p>
   </div>
   <div class='ocr_carea' id='block_1_2' title="bbox 220 454 1338 622">
    <p class='ocr_par' dir='ltr' id='par_1_2' title="bbox 220 454 1338 622">
     <span class='ocr_line' id='line_1_2' title="bbox 220 454 1338 539; baseline -0.003 -19"><span class='ocrx_word' id='word_1_6' title='bbox 220 456 365 520; x_wconf 71' lang='lat' dir='ltr'>rusticas</span> <span class='ocrx_word' id='word_1_7' title='bbox 385 455 483 518; x_wconf 88' lang='lat' dir='ltr'>homo</span> <span class='ocrx_word' id='word_1_8' title='bbox 501 454 564 516; x_wconf 86' lang='lat' dir='ltr'>hoe</span> <span class='ocrx_word' id='word_1_9' title='bbox 580 455 712 530; x_wconf 85' lang='lat' dir='ltr'>fecerit,</span> <span class='ocrx_word' id='word_1_10' title='bbox 732 455 956 539; x_wconf 86' lang='lat' dir='ltr'>unusquisque</span> <span class='ocrx_word' id='word_1_11' title='bbox 979 466 1091 518; x_wconf 68' lang='lat' dir='ltr'>eontra</span> <span class='ocrx_word' id='word_1_12' title='bbox 1108 465 1276 521; x_wconf 78' lang='lat' dir='ltr'><strong>auctorem</strong></span> <span class='ocrx_word' id='word_1_13' title='bbox 1291 455 1338 532; x_wconf 64' lang='lat' dir='ltr'>d}</span> 
     </span>
     <span class='ocr_line' id='line_1_3' title="bbox 220 538 794 622; baseline -0.005 -20"><span class='ocrx_word' id='word_1_14' title='bbox 220 561 315 602; x_wconf 83' lang='lat' dir='ltr'>snum</span> <span class='ocrx_word' id='word_1_15' title='bbox 336 540 467 622; x_wconf 79' lang='lat' dir='ltr'>triginta</span> <span class='ocrx_word' id='word_1_16' title='bbox 493 538 604 600; x_wconf 91' lang='lat' dir='ltr'>solidis</span> <span class='ocrx_word' id='word_1_17' title='bbox 627 539 794 599; x_wconf 87' lang='lat' dir='ltr'>multetur.</span> 
     </span>
    </p>
   </div>
   <div class='ocr_carea' id='block_1_3' title="bbox 394 654 1157 739">
    <p class='ocr_par' dir='ltr' id='par_1_3' title="bbox 394 654 1157 739">
     <span class='ocr_line' id='line_1_4' title="bbox 394 654 1157 739; baseline 0.003 -12"><span class='ocrx_word' id='word_1_18' title='bbox 394 657 485 727; x_wconf 73' lang='lat' dir='ltr'>Ttr.</span> <span class='ocrx_word' id='word_1_19' title='bbox 512 654 650 725; x_wconf 86' lang='lat' dir='ltr'>LXVI.</span> <span class='ocrx_word' id='word_1_20' title='bbox 678 657 786 739; x_wconf 81' lang='grc'>(68.)</span> <span class='ocrx_word' id='word_1_21' title='bbox 836 655 894 725; x_wconf 87' lang='lat' dir='ltr'>De</span> <span class='ocrx_word' id='word_1_22' title='bbox 919 671 1157 729; x_wconf 85' lang='lat' dir='ltr'>sacramento.</span> 
     </span>
    </p>
   </div>
   <div class='ocr_carea' id='block_1_4' title="bbox 203 777 1339 2265">
    <p class='ocr_par' dir='ltr' id='par_1_4' title="bbox 203 777 1339 2016">
     <span class='ocr_line' id='line_1_5' title="bbox 303 777 1333 862; baseline -0.002 -20"><span class='ocrx_word' id='word_1_23' title='bbox 303 783 329 845; x_wconf 92' lang='grc' dir='ltr'>Ι.</span> <span class='ocrx_word' id='word_1_24' title='bbox 371 777 405 838; x_wconf 83' lang='lat' dir='ltr'>si</span> <span class='ocrx_word' id='word_1_25' title='bbox 427 778 499 860; x_wconf 86' lang='lat' dir='ltr'>quis</span> <span class='ocrx_word' id='word_1_26' title='bbox 531 777 698 860; x_wconf 86' lang='lat' dir='ltr'>Ripuarins</span> <span class='ocrx_word' id='word_1_27' title='bbox 721 788 918 839; x_wconf 88' lang='lat' dir='ltr'>sacramento</span> <span class='ocrx_word' id='word_1_28' title='bbox 948 779 1043 840; x_wconf 87' lang='lat' dir='ltr'>fidem</span> <span class='ocrx_word' id='word_1_29' title='bbox 1064 780 1195 858; x_wconf 87' lang='lat' dir='ltr'>fecerit,</span> <span class='ocrx_word' id='word_1_30' title='bbox 1235 799 1333 862; x_wconf 83' lang='lat' dir='ltr'>super</span> 
     </span>
     <span class='ocr_line' id='line_1_6' title="bbox 221 859 1333 945; baseline -0.002 -21"><span class='ocrx_word' id='word_1_31' title='bbox 221 862 467 945; x_wconf 86' lang='lat' dir='ltr'>quatuordecim</span> <span class='ocrx_word' id='word_1_32' title='bbox 487 870 597 921; x_wconf 87' lang='lat' dir='ltr'>noctes</span> <span class='ocrx_word' id='word_1_33' title='bbox 622 859 682 922; x_wconf 90' lang='lat' dir='ltr'>sibi</span> <span class='ocrx_word' id='word_1_34' title='bbox 707 860 860 940; x_wconf 88' lang='lat' dir='ltr'>septimus</span> <span class='ocrx_word' id='word_1_35' title='bbox 885 884 940 922; x_wconf 88' lang='lat' dir='ltr'>seu</span> <span class='ocrx_word' id='word_1_36' title='bbox 965 862 1174 924; x_wconf 88' lang='lat' dir='ltr'>duodecimus</span> <span class='ocrx_word' id='word_1_37' title='bbox 1190 862 1244 924; x_wconf 90' lang='lat' dir='ltr'>vel</span> <span class='ocrx_word' id='word_1_38' title='bbox 1264 884 1333 942; x_wconf 90' lang='lat' dir='ltr'>sep·</span> 
     </span>
     <span class='ocr_line' id='line_1_7' title="bbox 221 943 1332 1027; baseline -0.005 -20"><span class='ocrx_word' id='word_1_39' title='bbox 221 945 415 1027; x_wconf 80' lang='lat' dir='ltr'>tuagesimus</span> <span class='ocrx_word' id='word_1_40' title='bbox 448 943 610 1004; x_wconf 87' lang='lat' dir='ltr'>secundus</span> <span class='ocrx_word' id='word_1_41' title='bbox 639 964 712 1002; x_wconf 90' lang='lat' dir='ltr'>oum</span> <span class='ocrx_word' id='word_1_42' title='bbox 736 943 881 1024; x_wconf 80' lang='lat' dir='ltr'>legitimo</span> <span class='ocrx_word' id='word_1_43' title='bbox 911 945 1049 1006; x_wconf 89' lang='lat' dir='ltr'>termino</span> <span class='ocrx_word' id='word_1_44' title='bbox 1082 947 1227 1006; x_wconf 88' lang='lat' dir='ltr'>noctium</span> <span class='ocrx_word' id='word_1_45' title='bbox 1263 955 1332 1006; x_wconf 85' lang='lat' dir='ltr'>stu-</span> 
     </span>
     <span class='ocr_line' id='line_1_8' title="bbox 224 1025 1333 1109; baseline -0.004 -19"><span class='ocrx_word' id='word_1_46' title='bbox 224 1030 298 1090; x_wconf 90' lang='lat' dir='ltr'>deat</span> <span class='ocrx_word' id='word_1_47' title='bbox 324 1027 504 1092; x_wconf 86' lang='lat' dir='ltr'>coniurare.</span> <span class='ocrx_word' id='word_1_48' title='bbox 547 1025 581 1085; x_wconf 88' lang='lat' dir='ltr'>Si</span> <span class='ocrx_word' id='word_1_49' title='bbox 611 1034 717 1086; x_wconf 88' lang='lat' dir='ltr'>autem</span> <span class='ocrx_word' id='word_1_50' title='bbox 740 1026 904 1087; x_wconf 85' lang='lat' dir='ltr'>contentio</span> <span class='ocrx_word' id='word_1_51' title='bbox 929 1037 998 1086; x_wconf 87' lang='lat' dir='ltr'>orta</span> <span class='ocrx_word' id='word_1_52' title='bbox 1018 1028 1139 1105; x_wconf 81' lang='lat' dir='ltr'>fuerit,</span> <span class='ocrx_word' id='word_1_53' title='bbox 1170 1027 1262 1109; x_wconf 88' lang='lat' dir='ltr'>qnod</span> <span class='ocrx_word' id='word_1_54' title='bbox 1283 1049 1333 1088; x_wconf 85' lang='lat' dir='ltr'>sa·</span> 
     </span>
     <span class='ocr_line' id='line_1_9' title="bbox 203 1108 1333 1189; baseline 0.003 -23"><span class='ocrx_word' id='word_1_55' title='bbox 203 1121 421 1173; x_wconf 68' lang='lat' dir='ltr'>tetamentum</span> <span class='ocrx_word' id='word_1_56' title='bbox 441 1109 471 1168; x_wconf 91' lang='lat' dir='ltr'>in</span> <span class='ocrx_word' id='word_1_57' title='bbox 493 1109 544 1169; x_wconf 90' lang='lat' dir='ltr'>die</span> <span class='ocrx_word' id='word_1_58' title='bbox 559 1108 677 1189; x_wconf 88' lang='lat' dir='ltr'>placito</span> <span class='ocrx_word' id='word_1_59' title='bbox 698 1130 763 1167; x_wconf 92' lang='lat' dir='ltr'>non</span> <span class='ocrx_word' id='word_1_60' title='bbox 786 1109 983 1170; x_wconf 89' lang='lat' dir='ltr'>coniurasset</span> <span class='ocrx_word' id='word_1_61' title='bbox 1004 1120 1060 1184; x_wconf 82' lang='lat' dir='ltr'>c),</span> <span class='ocrx_word' id='word_1_62' title='bbox 1077 1119 1157 1171; x_wconf 89' lang='lat' dir='ltr'>tunc</span> <span class='ocrx_word' id='word_1_63' title='bbox 1175 1133 1252 1170; x_wconf 91' lang='lat' dir='ltr'>cum</span> <span class='ocrx_word' id='word_1_64' title='bbox 1271 1119 1333 1170; x_wconf 90' lang='lat' dir='ltr'>ter·</span> 
     </span>
     <span class='ocr_line' id='line_1_10' title="bbox 221 1189 1332 1273; baseline -0.002 -21"><span class='ocrx_word' id='word_1_65' title='bbox 221 1193 266 1252; x_wconf 85' lang='lat' dir='ltr'>tia</span> <span class='ocrx_word' id='word_1_66' title='bbox 289 1201 375 1271; x_wconf 87' lang='lat' dir='ltr'>parte</span> <span class='ocrx_word' id='word_1_67' title='bbox 404 1194 581 1251; x_wconf 87' lang='lat' dir='ltr'>iuratorum</span> <span class='ocrx_word' id='word_1_68' title='bbox 610 1212 741 1250; x_wconf 91' lang='lat' dir='ltr'>suorum</span> <span class='ocrx_word' id='word_1_69' title='bbox 764 1189 931 1251; x_wconf 81' lang='lat' dir='ltr'>adfirmare</span> <span class='ocrx_word' id='word_1_70' title='bbox 955 1195 1102 1267; x_wconf 77' lang='lat' dir='ltr'><strong>studeat,</strong></span> <span class='ocrx_word' id='word_1_71' title='bbox 1125 1193 1291 1273; x_wconf 81' lang='lat' dir='ltr'>aliquibus</span> <span class='ocrx_word' id='word_1_72' title='bbox 1314 1214 1332 1250; x_wconf 95' lang='lat' dir='ltr'>a</span> 
     </span>
     <span class='ocr_line' id='line_1_11' title="bbox 222 1271 1333 1353; baseline -0.004 -16"><span class='ocrx_word' id='word_1_73' title='bbox 222 1275 342 1337; x_wconf 81' lang='lat' dir='ltr'><strong>dextris</strong></span> <span class='ocrx_word' id='word_1_74' title='bbox 367 1296 424 1335; x_wconf 93' lang='lat' dir='ltr'>seu</span> <span class='ocrx_word' id='word_1_75' title='bbox 448 1296 466 1332; x_wconf 86' lang='lat' dir='ltr'>a</span> <span class='ocrx_word' id='word_1_76' title='bbox 486 1273 623 1333; x_wconf 82' lang='lat' dir='ltr'>sinistris</span> <span class='ocrx_word' id='word_1_77' title='bbox 645 1273 802 1333; x_wconf 87' lang='lat' dir='ltr'>stantibus</span> <span class='ocrx_word' id='word_1_78' title='bbox 820 1271 871 1353; x_wconf 80' lang='lat' dir='ltr'>f).</span> <span class='ocrx_word' id='word_1_79' title='bbox 914 1274 970 1332; x_wconf 89' lang='lat' dir='ltr'>Sin</span> <span class='ocrx_word' id='word_1_80' title='bbox 1000 1285 1106 1335; x_wconf 92' lang='lat' dir='ltr'>autem</span> <span class='ocrx_word' id='word_1_81' title='bbox 1133 1297 1193 1336; x_wconf 88' lang='lat' dir='ltr'>nec</span> <span class='ocrx_word' id='word_1_82' title='bbox 1218 1277 1267 1337; x_wconf 90' lang='lat' dir='ltr'>sic</span> <span class='ocrx_word' id='word_1_83' title='bbox 1288 1297 1333 1336; x_wconf 90' lang='lat' dir='ltr'>sa·</span> 
     </span>
     <span class='ocr_line' id='line_1_12' title="bbox 223 1355 1332 1436; baseline -0.001 -19"><span class='ocrx_word' id='word_1_84' title='bbox 223 1357 394 1434; x_wconf 71' lang='lat' dir='ltr'>tisfecerit,</span> <span class='ocrx_word' id='word_1_85' title='bbox 421 1366 501 1418; x_wconf 89' lang='lat' dir='ltr'>tunc</span> <span class='ocrx_word' id='word_1_86' title='bbox 515 1355 694 1418; x_wconf 90' lang='lat' dir='ltr'>secundum</span> <span class='ocrx_word' id='word_1_87' title='bbox 711 1357 923 1436; x_wconf 84' lang='lat' dir='ltr'>praesentiam</span> <span class='ocrx_word' id='word_1_88' title='bbox 943 1357 1059 1418; x_wconf 89' lang='lat' dir='ltr'>iudicis</span> <span class='ocrx_word' id='word_1_89' title='bbox 1078 1358 1131 1418; x_wconf 89' lang='lat' dir='ltr'>vel</span> <span class='ocrx_word' id='word_1_90' title='bbox 1151 1357 1332 1418; x_wconf 88' lang='lat' dir='ltr'>secundum</span> 
     </span>
     <span class='ocr_line' id='line_1_13' title="bbox 219 1439 1332 1504; baseline -0.004 -3"><span class='ocrx_word' id='word_1_91' title='bbox 219 1439 482 1504; x_wconf 73' lang='lat' dir='ltr'>terminationem</span> <span class='ocrx_word' id='word_1_92' title='bbox 507 1448 628 1499; x_wconf 85' lang='lat' dir='ltr'>sextam</span> <span class='ocrx_word' id='word_1_93' title='bbox 657 1439 833 1498; x_wconf 88' lang='lat' dir='ltr'>iuratorum</span> <span class='ocrx_word' id='word_1_94' title='bbox 863 1460 993 1500; x_wconf 88' lang='lat' dir='ltr'>suorum</span> <span class='ocrx_word' id='word_1_95' title='bbox 1020 1462 1093 1499; x_wconf 89' lang='lat' dir='ltr'>cnm</span> <span class='ocrx_word' id='word_1_96' title='bbox 1121 1441 1256 1502; x_wconf 75' lang='lat' dir='ltr'>dextera</span> <span class='ocrx_word' id='word_1_97' title='bbox 1282 1461 1332 1498; x_wconf 83' lang='lat' dir='ltr'>ar·</span> 
     </span>
     <span class='ocr_line' id='line_1_14' title="bbox 221 1519 1333 1606; baseline -0.004 -22"><span class='ocrx_word' id='word_1_98' title='bbox 221 1531 303 1584; x_wconf 88' lang='lat' dir='ltr'>mata</span> <span class='ocrx_word' id='word_1_99' title='bbox 331 1531 393 1581; x_wconf 88' lang='lat' dir='ltr'>tam</span> <span class='ocrx_word' id='word_1_100' title='bbox 415 1521 505 1603; x_wconf 90' lang='lat' dir='ltr'>prius</span> <span class='ocrx_word' id='word_1_101' title='bbox 535 1529 584 1600; x_wconf 84' lang='lat' dir='ltr'>g),</span> <span class='ocrx_word' id='word_1_102' title='bbox 614 1543 709 1601; x_wconf 88' lang='lat' dir='ltr'>quarn</span> <span class='ocrx_word' id='word_1_103' title='bbox 739 1519 896 1601; x_wconf 80' lang='lat' dir='ltr'>posterius</span> <span class='ocrx_word' id='word_1_104' title='bbox 925 1531 1157 1582; x_wconf 88' lang='lat' dir='ltr'>sacramentnm</span> <span class='ocrx_word' id='word_1_105' title='bbox 1180 1523 1213 1582; x_wconf 91' lang='lat' dir='ltr'>in</span> <span class='ocrx_word' id='word_1_106' title='bbox 1239 1543 1333 1606; x_wconf 88' lang='lat' dir='ltr'>prae-</span> 
     </span>
     <span class='ocr_line' id='line_1_15' title="bbox 221 1603 1334 1680; baseline -0.004 -14"><span class='ocrx_word' id='word_1_107' title='bbox 221 1605 325 1666; x_wconf 88' lang='lat' dir='ltr'>sentia</span> <span class='ocrx_word' id='word_1_108' title='bbox 345 1605 461 1664; x_wconf 89' lang='lat' dir='ltr'>iudicis</span> <span class='ocrx_word' id='word_1_109' title='bbox 483 1604 671 1663; x_wconf 84' lang='lat' dir='ltr'>confirmare</span> <span class='ocrx_word' id='word_1_110' title='bbox 696 1603 829 1667; x_wconf 82' lang='lat' dir='ltr'>studeat.</span> <span class='ocrx_word' id='word_1_111' title='bbox 852 1606 949 1680; x_wconf 89' lang='lat' dir='ltr'>Quod</span> <span class='ocrx_word' id='word_1_112' title='bbox 972 1606 998 1665; x_wconf 90' lang='lat' dir='ltr'>si</span> <span class='ocrx_word' id='word_1_113' title='bbox 1024 1605 1130 1666; x_wconf 85' lang='lat' dir='ltr'>verbis</span> <span class='ocrx_word' id='word_1_114' title='bbox 1156 1626 1220 1665; x_wconf 91' lang='lat' dir='ltr'>non</span> <span class='ocrx_word' id='word_1_115' title='bbox 1245 1605 1334 1664; x_wconf 80' lang='lat' dir='ltr'>dixe·</span> 
     </span>
     <span class='ocr_line' id='line_1_16' title="bbox 220 1686 1332 1768; baseline -0.004 -20"><span class='ocrx_word' id='word_1_116' title='bbox 220 1687 265 1748; x_wconf 93' lang='lat' dir='ltr'>rit</span> <span class='ocrx_word' id='word_1_117' title='bbox 286 1689 328 1759; x_wconf 76' lang='lat' dir='ltr'>u)</span> <span class='ocrx_word' id='word_1_118' title='bbox 353 1708 480 1748; x_wconf 89' lang='lat' dir='ltr'>omnem</span> <span class='ocrx_word' id='word_1_119' title='bbox 505 1686 732 1766; x_wconf 79' lang='lat' dir='ltr'>repetitionem</span> <span class='ocrx_word' id='word_1_120' title='bbox 759 1707 832 1746; x_wconf 91' lang='lat' dir='ltr'>cum</span> <span class='ocrx_word' id='word_1_121' title='bbox 858 1687 937 1768; x_wconf 84' lang='lat' dir='ltr'>legis</span> <span class='ocrx_word' id='word_1_122' title='bbox 961 1686 1122 1748; x_wconf 75' lang='lat' dir='ltr'>beneficio</span> <span class='ocrx_word' id='word_1_123' title='bbox 1149 1688 1280 1748; x_wconf 83' lang='lat' dir='ltr'>studeat</span> <span class='ocrx_word' id='word_1_124' title='bbox 1301 1687 1332 1756; x_wconf 87' lang='lat' dir='ltr'>i)</span> 
     </span>
     <span class='ocr_line' id='line_1_17' title="bbox 220 1768 1332 1850; baseline -0.002 -20"><span class='ocrx_word' id='word_1_125' title='bbox 220 1771 415 1846; x_wconf 84' lang='lat' dir='ltr'>reformare,</span> <span class='ocrx_word' id='word_1_126' title='bbox 438 1779 469 1828; x_wconf 90' lang='lat' dir='ltr'>et</span> <span class='ocrx_word' id='word_1_127' title='bbox 493 1768 717 1850; x_wconf 90' lang='lat' dir='ltr'>unusquisque</span> <span class='ocrx_word' id='word_1_128' title='bbox 738 1768 778 1828; x_wconf 85' lang='lat' dir='ltr'>de</span> <span class='ocrx_word' id='word_1_129' title='bbox 804 1768 996 1830; x_wconf 86' lang='lat' dir='ltr'>iuratoribus</span> <span class='ocrx_word' id='word_1_130' title='bbox 1015 1768 1202 1850; x_wconf 89' lang='lat' dir='ltr'>quindecim</span> <span class='ocrx_word' id='word_1_131' title='bbox 1218 1768 1332 1829; x_wconf 89' lang='lat' dir='ltr'>solidis</span> 
     </span>
     <span class='ocr_line' id='line_1_18' title="bbox 220 1850 1339 1933; baseline -0.004 -20"><span class='ocrx_word' id='word_1_132' title='bbox 220 1852 390 1933; x_wconf 86' lang='lat' dir='ltr'>culpabilis</span> <span class='ocrx_word' id='word_1_133' title='bbox 427 1850 597 1914; x_wconf 83' lang='lat' dir='ltr'>iudicetur.</span> <span class='ocrx_word' id='word_1_134' title='bbox 649 1851 684 1912; x_wconf 89' lang='lat' dir='ltr'>Si</span> <span class='ocrx_word' id='word_1_135' title='bbox 715 1860 822 1912; x_wconf 90' lang='lat' dir='ltr'>autem</span> <span class='ocrx_word' id='word_1_136' title='bbox 855 1851 1137 1929; x_wconf 78' lang='lat' dir='ltr'>contradixerint,</span> <span class='ocrx_word' id='word_1_137' title='bbox 1171 1851 1339 1913; x_wconf 88' lang='lat' dir='ltr'>iudicium</span> 
     </span>
     <span class='ocr_line' id='line_1_19' title="bbox 222 1935 1335 2016; baseline -0.001 -22"><span class='ocrx_word' id='word_1_138' title='bbox 222 1935 357 2016; x_wconf 83' lang='lat' dir='ltr'>accipiat</span> <span class='ocrx_word' id='word_1_139' title='bbox 378 1935 419 2008; x_wconf 81' lang='lat' dir='ltr'>ir)</span> <span class='ocrx_word' id='word_1_140' title='bbox 1035 1953 1039 1964; x_wconf 86' lang='grc'><em>·</em></span> <span class='ocrx_word' id='word_1_141' title='bbox 1330 1937 1335 1943; x_wconf 76' lang='grc'><strong>’</strong></span> 
     </span>
    </p>

    <p class='ocr_par' dir='ltr' id='par_1_5' title="bbox 218 2014 1334 2265">
     <span class='ocr_line' id='line_1_20' title="bbox 302 2014 1334 2096; baseline -0.003 -18"><span class='ocrx_word' id='word_1_142' title='bbox 302 2019 346 2084; x_wconf 82' lang='grc' dir='ltr'>ΙΙ.</span> <span class='ocrx_word' id='word_1_143' title='bbox 389 2017 421 2076; x_wconf 89' lang='lat' dir='ltr'>Si</span> <span class='ocrx_word' id='word_1_144' title='bbox 446 2026 552 2078; x_wconf 90' lang='lat' dir='ltr'>antem</span> <span class='ocrx_word' id='word_1_145' title='bbox 574 2015 703 2096; x_wconf 74' lang='lat' dir='ltr'>regius,</span> <span class='ocrx_word' id='word_1_146' title='bbox 725 2015 903 2094; x_wconf 85' lang='lat' dir='ltr'>Romanus,</span> <span class='ocrx_word' id='word_1_147' title='bbox 926 2027 982 2078; x_wconf 88' lang='lat' dir='ltr'>aut</span> <span class='ocrx_word' id='word_1_148' title='bbox 1003 2016 1239 2080; x_wconf 88' lang='lat' dir='ltr'>ecclesiasticus</span> <span class='ocrx_word' id='word_1_149' title='bbox 1263 2014 1334 2076; x_wconf 89' lang='lat' dir='ltr'>tali-</span> 
     </span>
     <span class='ocr_line' id='line_1_21' title="bbox 218 2099 1330 2184; baseline -0.003 -22"><span class='ocrx_word' id='word_1_150' title='bbox 218 2111 271 2162; x_wconf 87' lang='lat' dir='ltr'>ter</span> <span class='ocrx_word' id='word_1_151' title='bbox 292 2099 414 2182; x_wconf 75' lang='lat' dir='ltr'>egerit,</span> <span class='ocrx_word' id='word_1_152' title='bbox 442 2119 515 2160; x_wconf 91' lang='lat' dir='ltr'>cum</span> <span class='ocrx_word' id='word_1_153' title='bbox 539 2099 682 2180; x_wconf 81' lang='lat' dir='ltr'>legitimo</span> <span class='ocrx_word' id='word_1_154' title='bbox 704 2119 837 2158; x_wconf 89' lang='lat' dir='ltr'>numero</span> <span class='ocrx_word' id='word_1_155' title='bbox 864 2099 1013 2163; x_wconf 89' lang='lat' dir='ltr'>similiter</span> <span class='ocrx_word' id='word_1_156' title='bbox 1030 2100 1155 2164; x_wconf 85' lang='lat' dir='ltr'>studeat</span> <span class='ocrx_word' id='word_1_157' title='bbox 1175 2100 1330 2184; x_wconf 76' lang='lat' dir='ltr'>impiere,</span> 
     </span>
     <span class='ocr_line' id='line_1_22' title="bbox 222 2182 1136 2265; baseline -0.004 -22"><span class='ocrx_word' id='word_1_158' title='bbox 222 2192 278 2243; x_wconf 78' lang='lat' dir='ltr'>aut</span> <span class='ocrx_word' id='word_1_159' title='bbox 298 2183 475 2265; x_wconf 83' lang='lat' dir='ltr'>legitimam</span> <span class='ocrx_word' id='word_1_160' title='bbox 495 2183 689 2244; x_wconf 86' lang='lat' dir='ltr'>solutionem</span> <span class='ocrx_word' id='word_1_161' title='bbox 711 2182 865 2248; x_wconf 76' lang='lat' dir='ltr'>restituat.</span> <span class='ocrx_word' id='word_1_162' title='bbox 1132 2187 1136 2194; x_wconf 94' lang='lat'>&#39;</span> 
     </span>
    </p>
   </div>
   <div class='ocr_carea' id='block_1_5' title="bbox 221 2295 1330 2392">
    <p class='ocr_par' dir='ltr' id='par_1_6' title="bbox 221 2295 1330 2392">
     <span class='ocr_line' id='line_1_23' title="bbox 221 2295 1330 2392; baseline -0.006 -22"><span class='ocrx_word' id='word_1_163' title='bbox 221 2301 312 2374; x_wconf 73' lang='lat' dir='ltr'><strong>TIT.</strong></span> <span class='ocrx_word' id='word_1_164' title='bbox 340 2299 498 2370; x_wconf 86' lang='lat' dir='ltr'><strong>LXVII.</strong></span> <span class='ocrx_word' id='word_1_165' title='bbox 524 2295 620 2392; x_wconf 80' lang='lat'>(69.)</span> <span class='ocrx_word' id='word_1_166' title='bbox 670 2298 729 2367; x_wconf 93' lang='lat' dir='ltr'>De</span> <span class='ocrx_word' id='word_1_167' title='bbox 755 2321 798 2369; x_wconf 85' lang='lat' dir='ltr'>eo</span> <span class='ocrx_word' id='word_1_168' title='bbox 831 2300 892 2392; x_wconf 88' lang='lat' dir='ltr'>qui</span> <span class='ocrx_word' id='word_1_169' title='bbox 910 2299 1028 2368; x_wconf 87' lang='lat' dir='ltr'>filium</span> <span class='ocrx_word' id='word_1_170' title='bbox 1051 2323 1124 2370; x_wconf 88' lang='lat' dir='ltr'>non</span> <span class='ocrx_word' id='word_1_171' title='bbox 1143 2298 1330 2392; x_wconf 85' lang='lat' dir='ltr'>relinquit.</span> 
     </span>
    </p>
   </div>
   <div class='ocr_carea' id='block_1_6' title="bbox 196 2414 1333 3407">
    <p class='ocr_par' dir='ltr' id='par_1_7' title="bbox 306 2414 1332 2500">
     <span class='ocr_line' id='line_1_24' title="bbox 306 2414 1332 2500; baseline -0.005 -22"><span class='ocrx_word' id='word_1_172' title='bbox 306 2419 332 2488; x_wconf 78' lang='lat' dir='ltr'>l,</span> <span class='ocrx_word' id='word_1_173' title='bbox 375 2419 409 2480; x_wconf 85' lang='lat' dir='ltr'>si</span> <span class='ocrx_word' id='word_1_174' title='bbox 434 2417 508 2500; x_wconf 88' lang='lat' dir='ltr'>quis</span> <span class='ocrx_word' id='word_1_175' title='bbox 530 2415 671 2481; x_wconf 87' lang='lat' dir='ltr'>moriens</span> <span class='ocrx_word' id='word_1_176' title='bbox 701 2414 863 2477; x_wconf 85' lang='lat' dir='ltr'>debitosus</span> <span class='ocrx_word' id='word_1_177' title='bbox 886 2417 937 2494; x_wconf 87' lang='lat' dir='ltr'>l),</span> <span class='ocrx_word' id='word_1_178' title='bbox 959 2426 1013 2478; x_wconf 89' lang='lat' dir='ltr'>aut</span> <span class='ocrx_word' id='word_1_179' title='bbox 1034 2426 1221 2478; x_wconf 89' lang='lat' dir='ltr'>testamenta</span> <span class='ocrx_word' id='word_1_180' title='bbox 1249 2437 1332 2476; x_wconf 81' lang='lat' dir='ltr'>ven·—</span> 
     </span>
    </p>

    <p class='ocr_par' dir='ltr' id='par_1_8' title="bbox 196 2497 1331 2992">
     <span class='ocr_line' id='line_1_25' title="bbox 221 2497 1331 2579; baseline -0.007 -13"><span class='ocrx_word' id='word_1_181' title='bbox 221 2501 354 2566; x_wconf 86' lang='lat' dir='ltr'>ditionis</span> <span class='ocrx_word' id='word_1_182' title='bbox 384 2523 442 2563; x_wconf 89' lang='lat' dir='ltr'>seu</span> <span class='ocrx_word' id='word_1_183' title='bbox 465 2499 645 2560; x_wconf 87' lang='lat' dir='ltr'>traditionis</span> <span class='ocrx_word' id='word_1_184' title='bbox 677 2497 785 2579; x_wconf 87' lang='lat' dir='ltr'>aliqua</span> <span class='ocrx_word' id='word_1_185' title='bbox 818 2501 952 2576; x_wconf 87' lang='lat' dir='ltr'>fecerit,</span> <span class='ocrx_word' id='word_1_186' title='bbox 991 2501 1018 2560; x_wconf 90' lang='lat' dir='ltr'>si</span> <span class='ocrx_word' id='word_1_187' title='bbox 1048 2501 1130 2561; x_wconf 87' lang='lat' dir='ltr'>tilios</span> <span class='ocrx_word' id='word_1_188' title='bbox 1160 2509 1214 2559; x_wconf 87' lang='lat' dir='ltr'>aut</span> <span class='ocrx_word' id='word_1_189' title='bbox 1250 2498 1331 2558; x_wconf 79' lang='lat' dir='ltr'>filiae</span> 
     </span>
     <span class='ocr_line' id='line_1_26' title="bbox 196 2581 1330 2665; baseline -0.011 -15"><span class='ocrx_word' id='word_1_190' title='bbox 196 2608 288 2654; x_wconf 18' lang='lat' dir='ltr'>*non</span> <span class='ocrx_word' id='word_1_191' title='bbox 312 2582 525 2665; x_wconf 67' lang='lat' dir='ltr'>relinquent,</span> <span class='ocrx_word' id='word_1_192' title='bbox 547 2581 810 2664; x_wconf 75' lang='lat' dir='ltr'>quIcunque&#39;de</span> <span class='ocrx_word' id='word_1_193' title='bbox 839 2583 1027 2664; x_wconf 82' lang='lat' dir='ltr'>parentibus</span> <span class='ocrx_word' id='word_1_194' title='bbox 1057 2583 1140 2660; x_wconf 90' lang='lat' dir='ltr'>suis,</span> <span class='ocrx_word' id='word_1_195' title='bbox 1172 2593 1330 2664; x_wconf 88' lang='lat' dir='ltr'>quantum</span> 
     </span>
     <span class='ocr_line' id='line_1_27' title="bbox 223 2663 1330 2747; baseline -0.005 -18"><span class='ocrx_word' id='word_1_196' title='bbox 223 2691 308 2730; x_wconf 89' lang='lat' dir='ltr'>unus</span> <span class='ocrx_word' id='word_1_197' title='bbox 330 2667 452 2728; x_wconf 85' lang='lat' dir='ltr'>solidus</span> <span class='ocrx_word' id='word_1_198' title='bbox 478 2664 580 2740; x_wconf 88' lang='lat' dir='ltr'>valet,</span> <span class='ocrx_word' id='word_1_199' title='bbox 609 2663 641 2721; x_wconf 91' lang='lat' dir='ltr'>in</span> <span class='ocrx_word' id='word_1_200' title='bbox 670 2663 882 2724; x_wconf 87' lang='lat' dir='ltr'>hereditatem</span> <span class='ocrx_word' id='word_1_201' title='bbox 908 2666 1084 2747; x_wconf 88' lang='lat' dir='ltr'>acceperit,</span> <span class='ocrx_word' id='word_1_202' title='bbox 1106 2664 1160 2726; x_wconf 89' lang='lat' dir='ltr'>vel</span> <span class='ocrx_word' id='word_1_203' title='bbox 1184 2665 1237 2725; x_wconf 91' lang='lat' dir='ltr'>cui</span> <span class='ocrx_word' id='word_1_204' title='bbox 1265 2684 1330 2724; x_wconf 85' lang='lat' dir='ltr'>we·-</span> 
     </span>
     <span class='ocr_line' id='line_1_28' title="bbox 221 2746 1330 2836; baseline -0.011 -22"><span class='ocrx_word' id='word_1_205' title='bbox 221 2749 366 2836; x_wconf 81' lang='lat' dir='ltr'>regildus</span> <span class='ocrx_word' id='word_1_206' title='bbox 392 2749 481 2824; x_wconf 81' lang='lat' dir='ltr'>eius,</span> <span class='ocrx_word' id='word_1_207' title='bbox 505 2747 531 2807; x_wconf 91' lang='lat' dir='ltr'>si</span> <span class='ocrx_word' id='word_1_208' title='bbox 561 2746 751 2806; x_wconf 78' lang='lat' dir='ltr'>interfectus</span> <span class='ocrx_word' id='word_1_209' title='bbox 780 2747 911 2823; x_wconf 88' lang='lat' dir='ltr'>fuisset,</span> <span class='ocrx_word' id='word_1_210' title='bbox 942 2749 1084 2830; x_wconf 78' lang='lat' dir='ltr'>legitime</span> <span class='ocrx_word' id='word_1_211' title='bbox 1116 2747 1330 2819; x_wconf 83' lang='lat' dir='ltr'>obveniebat,</span> 
     </span>
     <span class='ocr_line' id='line_1_29' title="bbox 224 2829 1331 2910; baseline -0.011 -14"><span class='ocrx_word' id='word_1_212' title='bbox 224 2829 318 2896; x_wconf 87' lang='lat' dir='ltr'>omne</span> <span class='ocrx_word' id='word_1_213' title='bbox 345 2831 488 2894; x_wconf 88' lang='lat' dir='ltr'>debitum</span> <span class='ocrx_word' id='word_1_214' title='bbox 508 2849 566 2910; x_wconf 91' lang='lat' dir='ltr'>pcr</span> <span class='ocrx_word' id='word_1_215' title='bbox 589 2829 693 2909; x_wconf 89' lang='lat' dir='ltr'>ipsum</span> <span class='ocrx_word' id='word_1_216' title='bbox 720 2829 799 2888; x_wconf 87' lang='lat' dir='ltr'>solvi</span> <span class='ocrx_word' id='word_1_217' title='bbox 828 2829 1008 2906; x_wconf 87' lang='lat' dir='ltr'>iudicatur,</span> <span class='ocrx_word' id='word_1_218' title='bbox 1033 2842 1065 2892; x_wconf 89' lang='lat' dir='ltr'>et</span> <span class='ocrx_word' id='word_1_219' title='bbox 1091 2851 1185 2890; x_wconf 89' lang='lat' dir='ltr'>omne</span> <span class='ocrx_word' id='word_1_220' title='bbox 1210 2831 1331 2892; x_wconf 87' lang='lat' dir='ltr'>factum</span> 
     </span>
     <span class='ocr_line' id='line_1_30' title="bbox 224 2912 1047 2992; baseline -0.007 -14"><span class='ocrx_word' id='word_1_221' title='bbox 224 2917 295 2984; x_wconf 86' lang='lat' dir='ltr'>eius</span> <span class='ocrx_word' id='word_1_222' title='bbox 315 2915 465 2974; x_wconf 89' lang='lat' dir='ltr'>idoneare</span> <span class='ocrx_word' id='word_1_223' title='bbox 483 2912 639 2986; x_wconf 81' lang='lat' dir='ltr'>studeat,</span> <span class='ocrx_word' id='word_1_224' title='bbox 666 2917 719 2970; x_wconf 89' lang='lat' dir='ltr'>aut</span> <span class='ocrx_word' id='word_1_225' title='bbox 746 2912 872 2992; x_wconf 89' lang='lat' dir='ltr'>eulpam</span> <span class='ocrx_word' id='word_1_226' title='bbox 895 2913 1047 2972; x_wconf 87' lang='lat' dir='ltr'>incurrat.</span> 
     </span>
    </p>

    <p class='ocr_par' dir='ltr' id='par_1_9' title="bbox 223 2994 1333 3328">
     <span class='ocr_line' id='line_1_31' title="bbox 306 2994 1333 3075; baseline -0.006 -16"><span class='ocrx_word' id='word_1_227' title='bbox 306 2998 351 3059; x_wconf 92' lang='lat' dir='ltr'>ll.</span> <span class='ocrx_word' id='word_1_228' title='bbox 394 2995 518 3075; x_wconf 77' lang='lat' dir='ltr'>siquis</span> <span class='ocrx_word' id='word_1_229' title='bbox 539 3003 644 3052; x_wconf 89' lang='lat' dir='ltr'>autem</span> <span class='ocrx_word' id='word_1_230' title='bbox 669 3001 739 3073; x_wconf 89' lang='lat' dir='ltr'>post</span> <span class='ocrx_word' id='word_1_231' title='bbox 757 2995 853 3054; x_wconf 86' lang='lat' dir='ltr'>iidem</span> <span class='ocrx_word' id='word_1_232' title='bbox 871 2995 985 3054; x_wconf 86' lang='lat' dir='ltr'>laetam</span> <span class='ocrx_word' id='word_1_233' title='bbox 1004 2995 1195 3056; x_wconf 88' lang='lat' dir='ltr'>sacramenti</span> <span class='ocrx_word' id='word_1_234' title='bbox 1216 2994 1248 3054; x_wconf 92' lang='lat' dir='ltr'>in</span> <span class='ocrx_word' id='word_1_235' title='bbox 1269 2994 1333 3053; x_wconf 89' lang='lat' dir='ltr'>ho-</span> 
     </span>
     <span class='ocr_line' id='line_1_32' title="bbox 223 3075 1331 3160; baseline -0.009 -18"><span class='ocrx_word' id='word_1_236' title='bbox 223 3089 304 3147; x_wconf 86' lang='lat' dir='ltr'>stem</span> <span class='ocrx_word' id='word_1_237' title='bbox 326 3079 478 3139; x_wconf 88' lang='lat' dir='ltr'>bannitus</span> <span class='ocrx_word' id='word_1_238' title='bbox 498 3075 611 3150; x_wconf 90' lang='lat' dir='ltr'>fuerit,</span> <span class='ocrx_word' id='word_1_239' title='bbox 634 3075 660 3134; x_wconf 86' lang='lat' dir='ltr'>si</span> <span class='ocrx_word' id='word_1_240' title='bbox 672 3096 736 3134; x_wconf 95' lang='lat' dir='ltr'>non</span> <span class='ocrx_word' id='word_1_241' title='bbox 752 3077 932 3157; x_wconf 79' lang='lat' dir='ltr'>perrexerit</span> <span class='ocrx_word' id='word_1_242' title='bbox 948 3087 1014 3153; x_wconf 80' lang='lat' dir='ltr'>m),</span> <span class='ocrx_word' id='word_1_243' title='bbox 1037 3086 1109 3160; x_wconf 90' lang='lat' dir='ltr'>post</span> <span class='ocrx_word' id='word_1_244' title='bbox 1122 3077 1331 3160; x_wconf 82' lang='lat' dir='ltr'>qnadraginta</span> 
     </span>
     <span class='ocr_line' id='line_1_33' title="bbox 225 3158 1330 3242; baseline -0.008 -18"><span class='ocrx_word' id='word_1_245' title='bbox 225 3159 354 3240; x_wconf 62' lang='lat' dir='ltr'>n&#39;octes3</span> <span class='ocrx_word' id='word_1_246' title='bbox 385 3160 411 3220; x_wconf 92' lang='lat' dir='ltr'>si</span> <span class='ocrx_word' id='word_1_247' title='bbox 438 3168 542 3218; x_wconf 89' lang='lat' dir='ltr'>autem</span> <span class='ocrx_word' id='word_1_248' title='bbox 566 3158 762 3238; x_wconf 79' lang='lat' dir='ltr'>perrexerit,</span> <span class='ocrx_word' id='word_1_249' title='bbox 791 3168 861 3239; x_wconf 88' lang='lat' dir='ltr'>post</span> <span class='ocrx_word' id='word_1_250' title='bbox 886 3181 1046 3220; x_wconf 88' lang='lat' dir='ltr'>armorum</span> <span class='ocrx_word' id='word_1_251' title='bbox 1075 3165 1113 3235; x_wconf 87' lang='lat' dir='ltr'>n)</span> <span class='ocrx_word' id='word_1_252' title='bbox 1138 3159 1330 3242; x_wconf 89' lang='lat' dir='ltr'>positionem</span> 
     </span>
     <span class='ocr_line' id='line_1_34' title="bbox 224 3239 1076 3328; baseline -0.005 -21"><span class='ocrx_word' id='word_1_253' title='bbox 224 3266 323 3328; x_wconf 84' lang='lat' dir='ltr'>super</span> <span class='ocrx_word' id='word_1_254' title='bbox 343 3239 586 3325; x_wconf 86' lang='lat' dir='ltr'>quatuordecim</span> <span class='ocrx_word' id='word_1_255' title='bbox 612 3248 722 3301; x_wconf 88' lang='lat' dir='ltr'>noctes</span> <span class='ocrx_word' id='word_1_256' title='bbox 748 3241 918 3303; x_wconf 89' lang='lat' dir='ltr'>coniurare</span> <span class='ocrx_word' id='word_1_257' title='bbox 942 3243 1076 3304; x_wconf 87' lang='lat' dir='ltr'>student.</span> 
     </span>
    </p>

    <p class='ocr_par' dir='ltr' id='par_1_10' title="bbox 308 3321 1332 3407">
     <span class='ocr_line' id='line_1_35' title="bbox 308 3321 1332 3407; baseline -0.007 -21"><span class='ocrx_word' id='word_1_258' title='bbox 308 3325 371 3386; x_wconf 88' lang='lat' dir='ltr'>lll.</span> <span class='ocrx_word' id='word_1_259' title='bbox 415 3321 511 3400; x_wconf 81' lang='lat' dir='ltr'>Quod</span> <span class='ocrx_word' id='word_1_260' title='bbox 537 3323 562 3382; x_wconf 90' lang='lat' dir='ltr'>si</span> <span class='ocrx_word' id='word_1_261' title='bbox 587 3330 818 3382; x_wconf 84' lang='lat' dir='ltr'>sacramentum</span> <span class='ocrx_word' id='word_1_262' title='bbox 841 3323 915 3401; x_wconf 92' lang='lat' dir='ltr'>ille,</span> <span class='ocrx_word' id='word_1_263' title='bbox 940 3325 996 3407; x_wconf 89' lang='lat' dir='ltr'>qui</span> <span class='ocrx_word' id='word_1_264' title='bbox 1020 3323 1242 3406; x_wconf 89' lang='lat' dir='ltr'>prosequitur,</span> <span class='ocrx_word' id='word_1_265' title='bbox 1266 3341 1332 3382; x_wconf 86' lang='lat' dir='ltr'>non</span> 
     </span>
    </p>
   </div>
   <div class='ocr_carea' id='block_1_7' title="bbox 224 3403 1405 3653">
    <p class='ocr_par' dir='ltr' id='par_1_11' title="bbox 224 3403 1405 3653">
     <span class='ocr_line' id='line_1_36' title="bbox 224 3403 1405 3492; baseline -0.006 -23"><span class='ocrx_word' id='word_1_266' title='bbox 224 3405 502 3492; x_wconf 82' lang='lat' dir='ltr'>pronuntiaverit,</span> <span class='ocrx_word' id='word_1_267' title='bbox 534 3403 601 3486; x_wconf 89' lang='lat' dir='ltr'>ipse</span> <span class='ocrx_word' id='word_1_268' title='bbox 627 3405 683 3485; x_wconf 90' lang='lat' dir='ltr'>qui</span> <span class='ocrx_word' id='word_1_269' title='bbox 706 3404 870 3486; x_wconf 83' lang='lat' dir='ltr'>placitavit</span> <span class='ocrx_word' id='word_1_270' title='bbox 894 3412 929 3485; x_wconf 88' lang='lat' dir='ltr'>c)</span> <span class='ocrx_word' id='word_1_271' title='bbox 952 3415 1024 3466; x_wconf 91' lang='lat' dir='ltr'>ante</span> <span class='ocrx_word' id='word_1_272' title='bbox 1054 3429 1175 3466; x_wconf 87' lang='lat' dir='ltr'>annum</span> <span class='ocrx_word' id='word_1_273' title='bbox 1201 3406 1329 3466; x_wconf 89' lang='lat' dir='ltr'>revolu·</span> <span class='ocrx_word' id='word_1_274' title='bbox 1404 3429 1405 3488; x_wconf 51' lang='lat' dir='ltr'>p</span> 
     </span>
     <span class='ocr_line' id='line_1_37' title="bbox 225 3489 1405 3569; baseline -0.005 -19"><span class='ocrx_word' id='word_1_275' title='bbox 225 3500 294 3550; x_wconf 88' lang='lat' dir='ltr'>tum</span> <span class='ocrx_word' id='word_1_276' title='bbox 317 3491 369 3552; x_wconf 93' lang='lat' dir='ltr'>vel</span> <span class='ocrx_word' id='word_1_277' title='bbox 390 3497 513 3569; x_wconf 88' lang='lat' dir='ltr'>septem</span> <span class='ocrx_word' id='word_1_278' title='bbox 541 3495 649 3547; x_wconf 88' lang='lat' dir='ltr'>noctes</span> <span class='ocrx_word' id='word_1_279' title='bbox 682 3496 917 3548; x_wconf 87' lang='lat' dir='ltr'>sacramentum</span> <span class='ocrx_word' id='word_1_280' title='bbox 945 3511 1038 3549; x_wconf 88' lang='lat' dir='ltr'>suum</span> <span class='ocrx_word' id='word_1_281' title='bbox 1065 3511 1169 3550; x_wconf 91' lang='lat' dir='ltr'>coram</span> <span class='ocrx_word' id='word_1_282' title='bbox 1199 3489 1333 3549; x_wconf 87' lang='lat' dir='ltr'>testibus</span> <span class='ocrx_word' id='word_1_283' title='bbox 1404 3507 1405 3568; x_wconf 40' lang='grc' dir='ltr'>ζ</span> 
     </span>
     <span class='ocr_line' id='line_1_38' title="bbox 226 3569 1405 3653; baseline -0.008 -18"><span class='ocrx_word' id='word_1_284' title='bbox 226 3573 355 3648; x_wconf 84' lang='lat' dir='ltr'>offerat,</span> <span class='ocrx_word' id='word_1_285' title='bbox 376 3581 406 3632; x_wconf 89' lang='lat' dir='ltr'>et</span> <span class='ocrx_word' id='word_1_286' title='bbox 421 3569 590 3630; x_wconf 88' lang='lat' dir='ltr'>coniurare</span> <span class='ocrx_word' id='word_1_287' title='bbox 606 3569 749 3645; x_wconf 87' lang='lat' dir='ltr'>studeat,</span> <span class='ocrx_word' id='word_1_288' title='bbox 772 3579 804 3630; x_wconf 89' lang='lat' dir='ltr'>et</span> <span class='ocrx_word' id='word_1_289' title='bbox 824 3570 976 3653; x_wconf 88' lang='lat' dir='ltr'>deinceps</span> <span class='ocrx_word' id='word_1_290' title='bbox 992 3571 1149 3631; x_wconf 89' lang='lat' dir='ltr'>innocens</span> <span class='ocrx_word' id='word_1_291' title='bbox 1168 3570 1330 3632; x_wconf 81' lang='lat' dir='ltr'>habeatur.</span> <span class='ocrx_word' id='word_1_292' title='bbox 1404 3571 1405 3648; x_wconf 57' lang='lat' dir='ltr'>i</span> 
     </span>
    </p>
   </div>
   <div class='ocr_carea' id='block_1_8' title="bbox 226 3653 1331 3820">
    <p class='ocr_par' dir='ltr' id='par_1_12' title="bbox 226 3653 1331 3820">
     <span class='ocr_line' id='line_1_39' title="bbox 308 3653 1331 3736; baseline -0.001 -25"><span class='ocrx_word' id='word_1_293' title='bbox 308 3654 365 3720; x_wconf 81' lang='lat' dir='ltr'>lV,</span> <span class='ocrx_word' id='word_1_294' title='bbox 408 3654 441 3714; x_wconf 85' lang='lat' dir='ltr'>si</span> <span class='ocrx_word' id='word_1_295' title='bbox 460 3661 570 3712; x_wconf 90' lang='lat' dir='ltr'>autem</span> <span class='ocrx_word' id='word_1_296' title='bbox 595 3673 658 3730; x_wconf 72' lang='lat' dir='ltr'>non</span> <span class='ocrx_word' id='word_1_297' title='bbox 685 3653 931 3735; x_wconf 83' lang='lat' dir='ltr'>adimpleverit,</span> <span class='ocrx_word' id='word_1_298' title='bbox 959 3675 1086 3714; x_wconf 90' lang='lat' dir='ltr'>omnem</span> <span class='ocrx_word' id='word_1_299' title='bbox 1105 3653 1331 3736; x_wconf 83' lang='lat' dir='ltr'>repetitionem</span> 
     </span>
     <span class='ocr_line' id='line_1_40' title="bbox 226 3734 764 3820; baseline -0.009 -20"><span class='ocrx_word' id='word_1_300' title='bbox 226 3759 300 3801; x_wconf 82' lang='lat' dir='ltr'>curn</span> <span class='ocrx_word' id='word_1_301' title='bbox 325 3737 404 3820; x_wconf 83' lang='lat' dir='ltr'>legis</span> <span class='ocrx_word' id='word_1_302' title='bbox 427 3734 587 3798; x_wconf 84' lang='lat' dir='ltr'>beneficio</span> <span class='ocrx_word' id='word_1_303' title='bbox 610 3734 764 3795; x_wconf 84' lang='lat' dir='ltr'>restituat.</span> 
     </span>
    </p>
   </div>
   <div class='ocr_carea' id='block_1_9' title="bbox 298 3905 1329 3981">
    <p class='ocr_par' dir='ltr' id='par_1_13' title="bbox 298 3905 1329 3981">
     <span class='ocr_line' id='line_1_41' title="bbox 298 3905 1329 3981; baseline -0.002 -19"><span class='ocrx_word' id='word_1_304' title='bbox 298 3909 316 3962; x_wconf 87' lang='lat' dir='ltr'>d</span> <span class='ocrx_word' id='word_1_305' title='bbox 315 3917 337 3976; x_wconf 71' lang='lat' dir='ltr'><em>J</em></span> <span class='ocrx_word' id='word_1_306' title='bbox 357 3910 467 3962; x_wconf 88' lang='lat' dir='ltr'>Herold.</span> <span class='ocrx_word' id='word_1_307' title='bbox 481 3921 601 3960; x_wconf 82' lang='lat' dir='ltr'>actorem</span> <span class='ocrx_word' id='word_1_308' title='bbox 666 3905 697 3974; x_wconf 86' lang='lat' dir='ltr'>e)</span> <span class='ocrx_word' id='word_1_309' title='bbox 716 3907 784 3962; x_wconf 90' lang='lat' dir='ltr'>Cod.</span> <span class='ocrx_word' id='word_1_310' title='bbox 800 3924 852 3974; x_wconf 85' lang='lat' dir='ltr'>reg.</span> <span class='ocrx_word' id='word_1_311' title='bbox 878 3928 950 3963; x_wconf 83' lang='lat' dir='ltr'>sacr.</span> <span class='ocrx_word' id='word_1_312' title='bbox 968 3911 1024 3959; x_wconf 77' lang='lat' dir='ltr'>iton</span> <span class='ocrx_word' id='word_1_313' title='bbox 1042 3911 1167 3963; x_wconf 83' lang='lat' dir='ltr'>iurasset.</span> <span class='ocrx_word' id='word_1_314' title='bbox 1212 3907 1329 3981; x_wconf 62' lang='lat' dir='ltr'>fflMet.</span> 
     </span>
    </p>
   </div>
   <div class='ocr_carea' id='block_1_10' title="bbox 224 3975 1405 4119">
    <p class='ocr_par' dir='ltr' id='par_1_14' title="bbox 224 3965 1405 4119">
     <span class='ocr_line' id='line_1_42' title="bbox 226 3975 1328 4051; baseline -0.003 -18"><span class='ocrx_word' id='word_1_315' title='bbox 226 3987 255 4033; x_wconf 84' lang='lat' dir='ltr'>et</span> <span class='ocrx_word' id='word_1_316' title='bbox 273 3981 350 4032; x_wconf 87' lang='lat' dir='ltr'>Lind.</span> <span class='ocrx_word' id='word_1_317' title='bbox 368 3983 434 4051; x_wconf 79' lang='lat' dir='ltr'>aliq.</span> <span class='ocrx_word' id='word_1_318' title='bbox 449 3999 465 4030; x_wconf 87' lang='lat' dir='ltr'><strong><em>a</em></strong></span> <span class='ocrx_word' id='word_1_319' title='bbox 483 3977 571 4032; x_wconf 82' lang='lat' dir='ltr'>dextr.</span> <span class='ocrx_word' id='word_1_320' title='bbox 591 3977 730 4046; x_wconf 82' lang='lat' dir='ltr'>aliquibus</span> <span class='ocrx_word' id='word_1_321' title='bbox 744 3995 759 4027; x_wconf 82' lang='lat' dir='ltr'>a</span> <span class='ocrx_word' id='word_1_322' title='bbox 774 3979 825 4028; x_wconf 87' lang='lat' dir='ltr'>sin.</span> <span class='ocrx_word' id='word_1_323' title='bbox 844 3992 929 4033; x_wconf 85' lang='lat' dir='ltr'>stant.</span> <span class='ocrx_word' id='word_1_324' title='bbox 950 3978 1077 4033; x_wconf 84' lang='lat' dir='ltr'>Corbion.</span> <span class='ocrx_word' id='word_1_325' title='bbox 1097 3975 1328 4049; x_wconf 76' lang='lat' dir='ltr'>aliqnosadextr.</span> 
     </span>
     <span class='ocr_line' id='line_1_43' title="bbox 224 4045 1405 4119; baseline -0.007 -17"><span class='ocrx_word' id='word_1_326' title='bbox 224 4065 309 4113; x_wconf 67' lang='lat' dir='ltr'>stant.</span> <span class='ocrx_word' id='word_1_327' title='bbox 363 4050 399 4119; x_wconf 74' lang='lat' dir='ltr'>g)</span> <span class='ocrx_word' id='word_1_328' title='bbox 418 4051 483 4102; x_wconf 86' lang='lat' dir='ltr'>Met.</span> <span class='ocrx_word' id='word_1_329' title='bbox 502 4048 634 4100; x_wconf 84' lang='lat' dir='ltr'>anterius.</span> <span class='ocrx_word' id='word_1_330' title='bbox 687 4045 876 4115; x_wconf 78' lang='lat' dir='ltr'>l2)Lindenbr.</span> <span class='ocrx_word' id='word_1_331' title='bbox 888 4048 1018 4100; x_wconf 82' lang='lat' dir='ltr'>dixerint.</span> <span class='ocrx_word' id='word_1_332' title='bbox 1072 4051 1098 4117; x_wconf 89' lang='lat' dir='ltr'>i)</span> <span class='ocrx_word' id='word_1_333' title='bbox 1109 4046 1328 4100; x_wconf 58' lang='lat' dir='ltr'>tint-studeant.</span> <span class='ocrx_word' id='word_1_334' title='bbox 1404 4057 1405 4108; x_wconf 58' lang='grc' dir='ltr'>ᾖ</span> 
     </span>
    </p>
   </div>
   <div class='ocr_carea' id='block_1_11' title="bbox 225 4116 1332 4330">
    <p class='ocr_par' dir='ltr' id='par_1_15' title="bbox 225 4116 1332 4330">
     <span class='ocr_line' id='line_1_44' title="bbox 225 4116 1330 4186; baseline -0.005 -14"><span class='ocrx_word' id='word_1_335' title='bbox 225 4121 259 4185; x_wconf 80' lang='lat' dir='ltr'>lr)</span> <span class='ocrx_word' id='word_1_336' title='bbox 277 4120 387 4172; x_wconf 86' lang='lat' dir='ltr'>llerold.</span> <span class='ocrx_word' id='word_1_337' title='bbox 406 4130 434 4172; x_wconf 84' lang='lat' dir='ltr'>ct</span> <span class='ocrx_word' id='word_1_338' title='bbox 460 4118 537 4171; x_wconf 89' lang='lat' dir='ltr'>Lind.</span> <span class='ocrx_word' id='word_1_339' title='bbox 564 4117 712 4186; x_wconf 81' lang='lat' dir='ltr'>accipiant.</span> <span class='ocrx_word' id='word_1_340' title='bbox 760 4117 790 4186; x_wconf 82' lang='lat' dir='ltr'>l)</span> <span class='ocrx_word' id='word_1_341' title='bbox 812 4119 877 4170; x_wconf 86' lang='lat' dir='ltr'>Cod.</span> <span class='ocrx_word' id='word_1_342' title='bbox 899 4135 943 4182; x_wconf 80' lang='lat' dir='ltr'>reg</span> <span class='ocrx_word' id='word_1_343' title='bbox 974 4118 1123 4173; x_wconf 76' lang='lat' dir='ltr'>debiturus.</span> <span class='ocrx_word' id='word_1_344' title='bbox 1142 4119 1257 4184; x_wconf 79' lang='lat' dir='ltr'>Sangall.</span> <span class='ocrx_word' id='word_1_345' title='bbox 1277 4116 1330 4170; x_wconf 84' lang='lat' dir='ltr'>Hc·</span> 
     </span>
     <span class='ocr_line' id='line_1_45' title="bbox 225 4186 1332 4259; baseline -0.006 -17"><span class='ocrx_word' id='word_1_346' title='bbox 225 4187 294 4256; x_wconf 68' lang='lat' dir='ltr'>told.</span> <span class='ocrx_word' id='word_1_347' title='bbox 316 4199 343 4242; x_wconf 85' lang='lat' dir='ltr'>et</span> <span class='ocrx_word' id='word_1_348' title='bbox 368 4189 445 4242; x_wconf 89' lang='lat' dir='ltr'>Lind.</span> <span class='ocrx_word' id='word_1_349' title='bbox 470 4187 583 4240; x_wconf 80' lang='lat' dir='ltr'>debitor.</span> <span class='ocrx_word' id='word_1_350' title='bbox 645 4186 687 4255; x_wconf 88' lang='lat' dir='ltr'>m)</span> <span class='ocrx_word' id='word_1_351' title='bbox 709 4188 813 4240; x_wconf 84' lang='lat' dir='ltr'>Desunt</span> <span class='ocrx_word' id='word_1_352' title='bbox 834 4189 906 4258; x_wconf 89' lang='lat' dir='ltr'>apud</span> <span class='ocrx_word' id='word_1_353' title='bbox 932 4190 1042 4243; x_wconf 84' lang='lat' dir='ltr'>Herold.</span> <span class='ocrx_word' id='word_1_354' title='bbox 1096 4189 1134 4259; x_wconf 85' lang='lat' dir='ltr'>n)</span> <span class='ocrx_word' id='word_1_355' title='bbox 1160 4187 1285 4242; x_wconf 72' lang='lat' dir='ltr'>Corbion.</span> <span class='ocrx_word' id='word_1_356' title='bbox 1302 4190 1332 4239; x_wconf 80' lang='lat' dir='ltr'>et</span> 
     </span>
     <span class='ocr_line' id='line_1_46' title="bbox 227 4255 1132 4330; baseline -0.001 -18"><span class='ocrx_word' id='word_1_357' title='bbox 227 4255 345 4328; x_wconf 66' lang='lat' dir='ltr'>Singall.</span> <span class='ocrx_word' id='word_1_358' title='bbox 362 4275 448 4313; x_wconf 83' lang='lat' dir='ltr'>arma.</span> <span class='ocrx_word' id='word_1_359' title='bbox 504 4255 540 4330; x_wconf 68' lang='lat' dir='ltr'>o)</span> <span class='ocrx_word' id='word_1_360' title='bbox 558 4255 668 4314; x_wconf 81' lang='lat' dir='ltr'>Herold.</span> <span class='ocrx_word' id='word_1_361' title='bbox 684 4267 710 4309; x_wconf 84' lang='lat' dir='ltr'>et</span> <span class='ocrx_word' id='word_1_362' title='bbox 729 4256 805 4312; x_wconf 89' lang='lat' dir='ltr'>Lind.</span> <span class='ocrx_word' id='word_1_363' title='bbox 819 4260 936 4330; x_wconf 81' lang='lat' dir='ltr'>placuit.</span> <span class='ocrx_word' id='word_1_364' title='bbox 968 4317 971 4322; x_wconf 44' lang='grc'><strong>,</strong></span> <span class='ocrx_word' id='word_1_365' title='bbox 1130 4255 1132 4260; x_wconf 68' lang='grc'>’</span> 
     </span>
    </p>
   </div>
   <div class='ocr_carea' id='block_1_12' title="bbox 0 0 1448 4992">
    <p class='ocr_par' dir='ltr' id='par_1_16' title="bbox 0 0 1448 4992">
     <span class='ocr_line' id='line_1_47' title="bbox 0 0 1448 4992; baseline 0 0"><span class='ocrx_word' id='word_1_366' title='bbox 0 0 1448 4992; x_wconf 95' lang='lat' dir='ltr'> </span> 
     </span>
    </p>
   </div>
  </div>
 </body>
</html>
