2876 4992
442 312 868 371 sccasmrarscsmrem
1148 298 1237 390 129.

115 461 303 522 consecutas
316 472 417 536 usqne
435 453 468 514 in
491 453 549 518 llI.
571 473 651 514 noc·
683 450 845 534 ritusque
863 449 904 514 ad
915 458 980 518 tres
995 463 1104 518 noctes
1122 455 1148 520 si
1162 457 1219 522 ille

114 549 182 608 1253
212 537 269 598 ille
298 535 355 616 qui
382 557 455 596 eum
486 535 576 597 ducit
596 544 653 596 aut
684 533 741 616 qni
764 555 839 595 eum
855 534 945 595 ducit
964 545 1019 596 aut
1038 539 1142 601 emisit
1164 551 1222 604 ant

115 620 224 684 emisse
254 627 311 678 aut
336 617 506 680 cambiasse
534 616 652 678 dixerit
685 615 871 676 cambiasset
894 616 1012 679 dixerit
1029 622 1080 682 vel
1098 625 1219 702 procla·

112 703 165 765 vel
174 699 370 773 clamaverit,
382 698 504 781 illequi
515 720 574 781 per
585 719 652 760 ves·
685 698 821 761 maverit
844 697 901 758 ille
923 698 981 779 qui
1005 721 1064 783 per
1086 705 1220 788 vestigio

111 784 227 866 tigium
238 781 388 864 seqnitur
400 802 458 863 per
471 783 571 843 tercia
590 802 652 840 ma·
686 779 832 861 seqnitur
858 801 909 840 res
938 803 1009 844 snas
1042 805 1101 866 per
1127 788 1220 848 tertia

113 889 191 926 nam
207 863 297 927 debit
313 863 503 934 aderamire;
525 864 551 924 si
577 883 651 922 vero
685 882 781 922 manu
808 860 1007 926 adchramire
1037 867 1142 933 debet.
1186 869 1219 930 Si

111 949 176 1008 iam
209 946 312 1007 trihus
342 945 489 1006 noctibus
515 944 651 1022 exactis,
685 964 761 1004 vero
787 951 851 1004 tres
880 954 989 1006 noctes
1016 959 1142 1012 exactas
1165 953 1221 1034 qui

12 1023 15 1040 .
111 1029 170 1111 qni
191 1051 242 1091 res
265 1047 336 1089 suas
358 1036 510 1109 quaeret,
546 1028 573 1088 si
600 1047 652 1087 eas
684 1047 736 1086 res
756 1045 826 1086 suas
849 1035 963 1107 queret
983 1048 1035 1090 eas
1058 1030 1222 1096 invenerit

109 1110 293 1187 invenerit,
317 1109 372 1170 ille
392 1119 447 1171 aut
462 1108 574 1170 emisse
598 1117 653 1170 aut
684 1107 742 1168 ille
767 1105 851 1189 apud
875 1128 971 1188 quem
995 1110 1158 1174 invenerit
1184 1135 1221 1178 e-

111 1192 283 1256 eambiasse
304 1191 439 1268 dixerit,
469 1191 536 1273 ipse
555 1191 653 1252 liceat
684 1187 770 1250 misit
787 1198 840 1250 aut
857 1189 1041 1254 cambiasset
1059 1194 1177 1258 dixerit
1190 1199 1221 1260 ei

75 1317 77 1326 ,
109 1274 302 1336 aderamire.
355 1273 390 1334 Si
411 1273 469 1335 ille
498 1294 574 1335 vero
593 1272 652 1354 qui
685 1268 999 1339 liceatadchramire.
1020 1276 1107 1354 Quid
1121 1279 1147 1340 si
1163 1281 1222 1344 ille

109 1379 173 1442 per
185 1354 353 1438 vestigium
378 1357 572 1436 sequiturse
595 1377 652 1438 ag·
684 1352 741 1434 qui
764 1374 823 1436 per
846 1354 982 1436 vestigio
1002 1359 1149 1440 sequitur
1169 1384 1221 1426 res

111 1439 243 1500 nescire
267 1437 356 1516 dicit,
374 1437 468 1498 illum
486 1437 586 1498 alium
603 1458 653 1498 re·
683 1455 756 1496 suas
786 1454 865 1515 quas
900 1457 1072 1518 agnoscere
1102 1443 1221 1506 dicitnr

111 1523 283 1596 clamante,
304 1539 365 1582 nec
384 1518 498 1580 offerre
511 1540 572 1601 per
585 1528 651 1579 ter·
684 1516 742 1577 ille
770 1517 834 1578 alio
865 1519 1059 1582 reclamante
1087 1544 1149 1588 nce
1169 1529 1221 1588 of.

109 1605 158 1664 tia
180 1623 310 1662 manum
337 1601 476 1663 voluerit
500 1622 560 1662 nec
583 1601 651 1661 sole
683 1599 769 1660 ferre
787 1615 847 1682 per
870 1600 963 1661 tertia
989 1623 1086 1664 manu
1107 1608 1220 1671 volnee

109 1684 293 1748 secundum
311 1684 416 1765 legem
445 1682 654 1766 collegarerit
684 1680 728 1741 rit
738 1701 796 1762 per
808 1683 909 1743 solem
923 1683 1096 1749 calcaverit
1108 1711 1141 1751 se
1151 1691 1219 1762 ,vio-

109 1779 144 1830 et
166 1766 196 1829 ei
210 1766 371 1829 violenter
384 1766 471 1832 qnod
484 1785 516 1826 se
534 1786 652 1847 agnus·
683 1762 790 1824 lenter
806 1762 868 1825 hoc
890 1765 978 1846 'quod
999 1789 1031 1830 sc
1047 1789 1222 1863 agnoscere

12 1859 13 1866 ’
110 1869 187 1912 cere
208 1847 305 1927 dicit,
335 1845 459 1910 tollisse
483 1846 650 1909 convinci·
685 1843 904 1908 dicittollissc
927 1849 1220 1928 convisendum.

108 1941 178 2008 tur,
200 1930 281 2004 lCC.
296 1930 369 2012 den.
386 1930 444 2012 qui
458 1929 650 1996 laciuntsol.
684 1926 793 1986 mithio
802 1925 948 2007 frasito)
968 1929 1142 2002 ICC.1den.
1163 1936 1221 2022 qui

108 2013 219 2077 XXX.
235 2013 321 2096 culp.
339 2013 405 2080 incl,
682 2005 743 2072 fac.
757 2008 815 2070 sol.
833 2007 936 2077 XXX.
959 2013 1045 2098 culp.
1062 2013 1128 2084 iud.

109 2165 319 2240 XXXVII.
368 2164 428 2236 De
459 2163 568 2236 furtis
595 2186 650 2233 ca·
683 2159 804 2240 LXII,
853 2160 913 2233 De
944 2163 1067 2240 Fertis
1095 2171 1225 2244 cabal-·

134 2266 322 2340 vallorum
348 2265 409 2338 vel
436 2277 624 2358 equarum.
892 2262 1024 2336 lorum.

147 2427 186 2490 Si
207 2426 650 2509 quiscavallnm‚qnicarrn·
725 2423 760 2484 Si
789 2422 861 2504 quis
889 2421 1049 2490 caballum
1071 2431 1128 2516 qui
1153 2453 1208 2496 car

108 2532 144 2572 cn
161 2510 274 2586 trahit,
292 2509 456 2585 furaverit,
478 2511 530 2570 cui
550 2509 648 2570 fuerit
680 2523 760 2587 ruga
785 2507 884 2569 trahit
911 2509 1075 2578 furaverit.
1107 2523 1220 2590 (maes.

108 2593 321 2675 adprobatum
353 2597 466 2664 (nass.
490 2587 647 2674 laanziao)
680 2597 877 2667 canazasco)
901 2589 1044 2658 lDCCC.
1073 2592 1218 2678 den.qui

12 2739 13 2750 .
107 2683 185 2735 sunt
213 2675 281 2738 din.
308 2672 445 2742 lDCCC.
473 2674 533 2738 fac.
553 2673 647 2740 solid.
679 2669 805 2732 faciunt
830 2670 889 2738 sol.
917 2675 1015 2740 XLV.
1036 2675 1122 2759 culp,
1151 2677 1218 2744 iud.

12 2751 13 2772 ³
106 2753 213 2821 XLV.
237 2753 322 2837 culp.
344 2753 410 2814 ind.
866 2819 869 2822 ,

146 2839 186 2899 δί
206 2838 278 2919 qnia
295 2837 477 2901 armessario
493 2836 650 2900 furaverit
722 2833 853 2916 Siquis
879 2829 1063 2898 admissario
1087 2838 1127 2901 ad
1155 2838 1218 2903 ho-

106 2921 162 2992 eui
193 2919 295 2982 fuerit
316 2918 524 3000 adprobatum
542 2922 649 2995 (narn.
681 2917 768 2978 mine
790 2919 902 2978 franco
931 2919 1089 2982 furaverit
1109 2930 1217 2997 (nass.

104 2996 300 3080 vaderedo)
326 3009 401 3061 sn‘nt
421 3000 487 3068 din.
510 3001 650 3069 lDCCC.
682 2999 858 3074 vrtaclaeto)
888 2997 1028 3064 lDCCC.
1062 3003 1136 3064 den.
1161 3007 1219 3088 qni

104 3086 169 3150 fae.
189 3085 248 3148 sol.
262 3079 366 3146 XLV.
388 3083 472 3165 culp.
496 3083 563 3148 ind.
682 3082 808 3142 faciunt
823 3081 881 3146 sol.
903 3082 998 3146 XLV.
1016 3083 1102 3166 culp.
1120 3086 1187 3150 ind.

133 3165 654 3248 Siquisarmessarium,cumgre-
725 3162 759 3224 Si
789 3163 861 3244 quis
889 3163 1108 3230 admissarium
1142 3189 1219 3232 cnm

106 3271 181 3331 gem
196 3269 291 3308 sunm
309 3246 372 3308 hoc
396 3255 443 3308 est
461 3268 570 3329 equas,
597 3247 652 3308 eui
684 3263 897 3326 gregemque
918 3246 959 3309 ad
974 3249 1042 3314 Xll.
1063 3250 1153 3332 equis
1170 3255 1218 3314 fu-

104 3330 208 3392 fuerit
229 3331 436 3412 adprobatum
453 3332 560 3396 (naen.
575 3349 648 3390 san·
683 3325 802 3388 raverit
818 3329 925 3403 (nara.
947 3328 1123 3406 vuadseto)
1143 3333 1217 3397 ΙΙΙ).

107 3409 218 3496 nista)
239 3425 315 3472 sunt
334 3411 400 3476 din.
425 3408 496 3472 llD.
518 3409 578 3474 sac.
592 3410 650 3472 sol.
684 3407 757 3468 den.
778 3408 834 3488 qui
855 3410 978 3471 faciunt
997 3413 1055 3474 sol.
1072 3411 1173 3482 LXll.
1194 3439 1217 3484 s.

105 3495 210 3559 LXll.
234 3493 320 3576 culp.
337 3493 403 3553 iud.
683 3491 769 3569 culp.
792 3489 857 3556 iud.
878 3499 1001 3575 except.
1022 3516 1090 3577 cap.
1108 3508 1141 3558 et
1161 3499 1217 3567 dil.

150 3577 187 3638 si
207 3596 285 3638 sero
298 3596 375 3660 grex
391 3575 447 3634 ille
467 3571 651 3634 minorlae-
722 3571 756 3632 si
787 3572 859 3654 quis
888 3574 1059 3654 poledrum
1086 3582 1219 3642 annicu-

105 3658 270 3740 ritusque
295 3657 335 3719 ad
358 3659 433 3720 VII.
456 3655 559 3738 capita
575 3676 649 3716 cum
682 3651 749 3712 lum
762 3653 919 3716 furaverit
929 3653 997 3721 DC.
1013 3659 1085 3719 den.
1099 3662 1156 3742 qui
1175 3663 1190 3724 f
1208 3699 1218 3714 .

106 3738 295 3802 armessario
316 3738 454 3814 fuerint,
477 3736 529 3798 cui
550 3737 649 3797 fuerit
681 3736 773 3796 ciunt
793 3735 852 3802 sol.
867 3735 942 3802 XV.
955 3739 1042 3822 culp.
1066 3738 1132 3809 iud.

105 3819 649 3905 adprobatum,exceptnrncapitale
721 3815 756 3875 Si
777 3816 850 3898 quis
870 3819 1048 3881 iumentum
1075 3823 1218 3890 alienum

106 3914 141 3964 et
160 3905 299 3964 dilatnra
318 3904 391 3968 ΙΙΙ).
413 3902 480 3964 din.
504 3903 561 3984 qui
586 3902 646 3962 sac.
679 3899 844 3960 trabaterit
869 3912 925 3962 aut
950 3901 1084 3962 evaserit
1104 3913 1217 3980 (nans.

104 3987 165 4052 sol.
184 3987 262 4051 XlI.
281 3985 366 4066 culp.
385 3985 452 4049 ind,
681 3981 875 4056 sicabalzim]
896 3986 962 4044 DC.
986 3984 1060 4050 den.
1083 3989 1138 4082 qui
1168 3993 1218 4050 fa.

148 4069 268 4149 Siquis
281 4064 649 4148 equapregnanlefura-
680 4062 772 4125 ciunt
794 4063 851 4128 sol.
876 4063 949 4132 XV.
978 4068 1062 4148 culp,
1089 4071 1155 4132 ind.
1185 4081 1219 4148 et

104 4151 190 4211 verit
206 4150 285 4212 etei
305 4151 406 4210 l'uerit
427 4147 645 4230 adprobatum,
680 4143 799 4207 exinde
828 4156 953 4208 mortua
980 4148 1079 4210 suerit
1106 4160 1214 4226 (nans.

12 4265 13 4272 .
106 4250 229 4304 (uate.
260 4232 412 4309 onciaco)
441 4239 516 4292 sunt
543 4228 645 4295 dinar.
680 4225 868 4302 stratatim)
897 4231 964 4295 Dc.
994 4230 1067 4299 den,
1090 4236 1146 4318 qai
1174 4236 1206 4298 fa

895 4340 919 4410 t
