2906 5008
375 267 771 358 rnsrs‘nmnntuosuu
788 291 1024 352 urrunnun:
1164 283 1247 363 Μ·
1271 269 1274 276 ’

129 431 222 509 ro.
247 427 527 526 LXXX‚(81.)
575 409 699 504 oasa
720 436 784 526 qut
810 459 891 506 cum
919 439 1047 510 aucun
1063 432 1244 518 nessus

427 543 464 602 et
480 535 683 622 geneciaria
700 537 949 614 concubuerit.

214 649 242 712 I.
284 650 319 714 si
347 650 420 734 quis
448 671 524 715 'cum
552 652 690 714 alicuius
716 653 835 716 ancilla
855 657 1003 729 vestiaria
1029 663 1244 730 concubuerit

128 744 244 796 contra
262 734 463 814 voluntatem
484 735 574 814 eius,
595 758 669 798 cum
691 759 748 799 sex
768 737 879 802 solidis
902 753 1081 824 componat.

212 817 254 884 11.
294 817 336 878 Et
359 816 387 878 si
413 839 487 880 eum
509 818 619 899 puella
646 820 686 882 de
708 821 844 902 genecio
867 832 904 898 r)
924 824 1031 904 priona
1059 817 1247 894 concubue·'
1340 841 1341 846 ’

126 899 173 962 rit
193 898 311 982 aliquis
333 911 445 962 contra
469 902 670 964 volontatem
695 907 783 981 eius,
806 925 863 966 sex
887 905 998 968 solidis
1019 924 1202 994 componat.
1255 977 1260 986 ,

212 983 284 1044 ΙΙΙ..
312 982 439 1064 Siquis
464 984 680 1067 cum'aliqua
710 1005 750 1046 ex
774 985 841 1048 illis
871 987 942 1050 aliis
975 989 1014 1054 de
1042 994 1177 1076 genecio
1206 1001 1250 1066 s)'

127 1072 242 1126 contra
260 1065 459 1128 voluntatem
475 1067 544 1130 eius
565 1067 800 1148 concubuerit,
821 1089 896 1132 cum
912 1069 1015 1136 tribus
1031 1075 1143 1140 solidis
1156 1099 1242 1142 com·

125 1157 278 1230 ponatur.
1156 1179 1160 1186 ’

131 1261 222 1336 Tru.
245 1241 429 1336 LXXXI·
454 1269 549 1350 (82.)
600 1266 659 1338 De
696 1290 741 1340 oo
775 1270 839 1364 qui
878 1272 1087 1345 incendium
1119 1223 1242 1376 super

449 1367 562 1436 alium
588 1367 627 1437 in
651 1379 758 1438 nocte
783 1370 935 1446 miserit.
1191 1437 1193 1442 ,

211 1483 237 1544 Ι.
278 1482 313 1544 Si
334 1483 407 1569 quis
426 1506 523 1566 saper
551 1484 693 1568 aliquem
707 1487 829 1547 locum
856 1487 891 1549 iu
914 1500 1009 1554 nocte
1032 1491 1178 1575 miserit,
1205 1508 1244 1562 ut

124 1565 258 1628 domum
286 1568 355 1630 eius
377 1567 540 1646 incendat,
562 1590 621 1630 seu
645 1577 678 1629 et
698 1570 801 1636 ,salam
825 1581 956 1646 suamt)
981 1584 1013 1636 et
1037 1575 1189 1641 inventus
1209 1589 1244 1644 et

123 1650 277 1734 probatus
299 1651 417 1728 suerit,
449 1672 544 1712 omne
575 1649 664 1732 quod
690 1651 810 1713 ibidem
836 1655 923 1732 arsit,
944 1655 1048 1719 simile
1075 1663 1241 1744 restituat,

125 1738 161 1795 el:
179 1753 276 1814 super
297 1732 377 1794 haec
401 1733 612 1815 quadraginta
633 1734 752 1796 solidos
773 1747 951 1818 componat.
1217 1757 1221 1765 ⁴

211 1817 253 1882 11.
292 1816 436 1876 sienim
458 1817 545 1876 infra
571 1825 695 1878 curtem
720 1819 852 1879 doraum
873 1819 1076 1900 incenderit,
1097 1834 1152 1886 aut
1170 1847 1243 1890 seu·

123 1897 224 1977 riam,
246 1907 301 1958 aut
321 1899 464 1981 grauiam
484 1907 539 1976 u),
562 1899 615 1959 vel
636 1900 788 1979 cellaria,
811 1902 920 1964 omnia
938 1903 1056 1966 similia
1072 1909 1239 1990 restituat,

124 1990 250 2044 etcum
271 1981 444 2042 duodecim
469 1981 582 2042 solidis
601 1993 780 2064 componat.
1198 1979 1201 1986 ²
1240 1991 1244 2000 '

210 2068 274 2126 111.
315 2063 351 2124 Si
383 2063 455 2147 quis
481 2066 623 2144 stubam,
656 2065 763 2144 ovile,
795 2065 999 2152 porcaritiam
1022 2069 1152 2134 domum
1182 2073 1239 2136 ali·

124 2146 219 2209 cuius
247 2147 516 2225 concremaverit,
539 2169 798 2232 unamquamque
818 2173 892 2214 cum
918 2149 1021 2216 tribus
1044 2155 1156 2217 solidis
1175 2167 1215 2234 v)

124 2240 315 2314 componat,
338 2238 370 2290 et
394 2231 532 2292 similem
562 2231 717 2293 restituat.

208 2315 266 2376 IV.
309 2312 402 2375 Servi
427 2314 558 2374 domum
582 2314 609 2375 si
631 2313 836 2394 incenderit,
859 2335 934 2379 oum
959 2315 1132 2383 duodecim
1155 2321 1237 2385 soli.

124 2395 388 2480 dis'componat,
411 2405 443 2456 et
468 2397 605 2458 similem
628 2397 658 2458 ei
677 2396 833 2460 restituat.
993 2464 995 2467 ,

208 2480 248 2542 V.
291 2479 436 2540 Scuriam
452 2479 506 2541 vel
529 2479 672 2562 grauiam
692 2479 778 2542 servi
802 2481 829 2542 si
852 2479 1061 2565 incenderit,
1083 2508 1159 2550 cum
1178 2507 1236 2554 sax

123 2560 236 2624 solidis
252 2571 422 2642 componat
440 2570 472 2621 et
491 2561 629 2623 similem
651 2561 807 2624 restituat.
874 2607 878 2636 ἶ

208 2643 267 2710 vt.
311 2645 345 2706 si
369 2646 457 2705 euim
480 2645 654 2726 spicarium
674 2652 730 2716 w)
749 2644 834 2708 servi
861 2641 1062 2727 incenderit,
1085 2673 1158 2714 eum
1179 2653 1238 2717 tri·
1279 2693 1286 2700 -

17 2753 19 2778 ι
124 2724 187 2787 bus
209 2727 319 2790 solidis
342 2736 520 2809 componat.
561 2728 607 2794 Et
629 2729 657 2790 si
679 2726 831 2808 domino,
859 2750 935 2792 curn
961 2725 1172 2814 sexlsolidis,
1199 2736 1239 2798 ιε’

123 2808 263 2871 similem
285 2811 443 2872 restituat.
1107 2847 1109 2850 ·
1179 2853 1181 2858 ,

123 2925 216 2998 ΤιΤ.
249 2927 452 2999 LXXXII.
480 2923 571 3024 (83.)
626 2928 685 3000 De
706 2930 853 3001 canibus
882 2932 1048 3004 sensibus
1071 2932 1131 3007 vel
1153 2914 1238 3012 aliis

489 3027 621 3098 furatis
645 3033 713 3099 aut'
735 3031 871 3100 occisis·
915 3093 918 3100 .
1233 3083 1235 3091 -

206 3121 232 3185 Ι.
273 3123 308 3184 Si
329 3123 403 3206 quis
423 3143 536 3184 canem
555 3125 849 3208 seusiumprimum
874 3127 1043 3206 cursalem,
1065 3126 1234 3214 iil-estqui

123 3205 248 3290 primus
268 3207 382 3284 currit,
396 3205 599 3286 involavenit,
615 3209 734 3272 solidos
756 3229 813 3271 sex
840 3221 1024 3294 componam
1046 3211 1104 3295 qui
1119 3235 1254 3286 secun-⁸

124 3289 235 3367 dum,
262 3290 382 3351 solidos
409 3299 473 3350 tres
493 3301 672 3372 componat.

160 3425 162 3428 .
207 3373 249 3433 ΙΙ.
292 3372 357 3454 Qui
375 3372 470 3432 illurn
492 3372 678 3452 ductorem,
700 3372 758 3456 qui
776 3369 941 3436 hominem
964 3384 1155 3457 sequentem
1170 3379 1234 3444 du·

122 3452 193 3533 cit,
220 3477 318 3538 quem
347 3455 503 3518 laitibuut
530 3455 662 3535 dieunt,
696 3455 1082 3536 furaverit,-duodecim
1113 3463 1234 3526 solidos

122 3557 196 3600 com
220 3548 305 3600 onat.
667 3585 669 3592 >
1130 3587 1131 3590 η
1227 3576 1231 3584 ‚

196 3561 269 3682 plll.
316 3623 442 3700 Bonum
478 3641 592 3684 canem
622 3621 831 3704 porcaritium
861 3621 945 3702 [qui
979 3623 1065 3706 capit
1089 3619 1255 3708 porcos,

121 3703 309 3766 ursaritium
336 3704 393 3786 qui
422 3700 510 3767 ursus
533 3703 617 3787 capit
642 3718 702 3784 x),
732 3704 784 3766 vel
815 3703 872 3786 qui
900 3727 1029 3766 vaccam
1051 3715 1083 3766 et
1104 3718 1235 3774 taurum

120 3786 272 3869 prendit,
300 3787 328 3849 si
352 3787 510 3851 occiderit
528 3785 667 3871 aliquis,
698 3808 771 3849 oum
796 3789 899 3850 tribus
921 3788 1033 3850 solidis
1053 3804 1233 3874 compuncta

125 3949 539 3970 m*-

190 4037 225 4108 r)
259 4037 406 4106 Coti-reg.
427 4046 455 4092 et
479 4039 546 4094 Met.
572 4000 688 4112 genitia.
725 4034 823 4094 Sonitu
841 4033 956 4108 genitio.
1008 4038 1045 4108 s)
1066 4035 1143 4098 Liud.
1173 4058 1233 4096 cum
1304 4105 1308 4109 Ι

119 4106 219 4177 aliqua
238 4107 271 4162 dc
290 4110 348 4162 alio
365 4111 488 4180 genecio.
547 4115 571 4178 t)
590 4111 716 4164 Schilter.
734 4127 783 4162 seu
799 4112 903 4160 scutum
921 4126 1007 4159 suom.
1062 4111 1100 4181 u)
1118 4113 1232 4178 Putean,

118 4181 266 4246 granario.
339 4177 372 4248 ν)
399 4179 465 4233 cod.
487 4182 549 4245 Reg.
573 4181 627 4235 Til.
653 4191 680 4236 et
697 4179 774 4232 Lind.
802 4170 853 4230 VI,
878 4179 930 4230 sol,
966 4177 1063 4242 Schilt
1088 4181 1154 4234 ΧΙῙ.
1183 4180 1233 4239 sol.

118 4249 165 4318 w.)
179 4249 305 4302 Corbion.
322 4261 349 4322 et
369 4253 564 4322 Reg.spicaria
616 4250 653 4320 x)
677 4253 783 4304 Desunt
799 4249 830 4300 in
849 4247 908 4300 aliis
927 4247 1012 4299 Codd.
1035 4259 1062 4302 ct
1080 4251 1181 4307 Editt

762 4365 809 4435 15
