2876 4992
121 1567 309 1646 INCIPIT
329 1565 439 1645 LEX
460 1563 650 1647 stmco.
682 1565 877 1646 INCIPIT
890 1563 1000 1644 LEX
1029 1563 1218 1646 SAUCA.

312 1729 460 1752 *aa*
875 1732 1020 1752 ιιι-ιιι*

210 1854 584 1922 commotum·
700 1882 703 1889 ·
762 1853 919 1920 PRIMUS
944 1851 1141 1920 TlTULUS.

211 2008 242 2081 1.
291 2009 357 2082 De
379 2007 535 2082 Manirc.
794 2007 827 2086 Ι.
873 2007 935 2080 Do
952 2005 1109 2078 monito.

138 2167 185 2230 'Si
201 2169 275 2252 quis
302 2169 344 2232 ad
369 2169 504 2232 mallum
524 2167 650 2252 legibus
724 2170 758 2234 Si
779 2170 852 2254 quis
876 2169 917 2232 od
936 2168 1069 2230 mallum
1093 2166 1219 2250 legibus

120 2251 281 2315 dominicis
302 2253 444 2316 manitus
466 2252 590 2330 fuerit,
618 2259 651 2314 et
683 2253 855 2317 dominicis
876 2253 1039 2314 mannitus
1063 2252 1164 2314 fuerit
1186 2260 1221 2312 ct

121 2335 340 2414 convinerit,
369 2336 431 2403 sol.
449 2337 522 2400 XV.
544 2335 652 2417 culpa·
684 2359 750 2398 non
772 2335 915 2400 venerit:
949 2335 984 2396 Si
1006 2356 1080 2396 eum
1106 2332 1220 2396 sunnio

119 2416 372 2486 hilisindicitur.
422 2419 580 2481 illevero
593 2415 651 2498 qui
684 2442 750 2480 non
771 2419 948 2482 detinuerit
971 2425 1046 2478 sunt
1066 2417 1128 2480 din.
1149 2413 1219 2477 Dc.
1262 2477 1264 2482 .

121 2500 210 2561 olium
229 2502 352 2580 munit,
375 2501 494 2585 etipse
514 2520 581 2560 non
599 2499 651 2563 vi·
683 2503 740 2585 qui
765 2503 826 2564 foc.
846 2501 940 2564 solid.
959 2499 1028 2567 XV.
1048 2496 1219 2581 culpabilis

121 2583 198 2646 norit
214 2588 379 2659 (moun
400 2585 536 2655 aboena)
553 2581 652 2663 eiqui
683 2584 855 2648 iudicetur.
875 2582 936 2644 llle
955 2602 1032 2646 vero
1049 2582 1106 2663 qui
1120 2581 1220 2640 alium

119 2666 253 2726 monebit
266 2667 338 2731 DC.
353 2665 516 2742 dinarius,
534 2664 591 2746 qui
604 2665 650 2724 fn·
671 2661 808 2728 'manmit
830 2676 862 2728 et
880 2665 948 2749 ipse
964 2684 1030 2724 non
1044 2661 1173 2727 venerit
1191 2661 1219 2723 si

120 2746 203 2808 eiu-nt
224 2748 286 2816 sol.
307 2749 381 2817 XV.
403 2747 574 2834 culpabilis
597 2746 650 2808 iu·
683 2772 757 2812 eum
786 2748 898 2812 sunnis
936 2767 1002 2806 non
1036 2745 1220 2806 detenuerit

119 2828 239 2894 dicitur.
683 2842 759 2894 sunt
779 2833 845 2900 din.
867 2830 934 2895 DC.
959 2825 1017 2910 qui
1043 2829 1104 2900 fao.
1124 2825 1218 2906 solid.

154 2913 216 2994 Qui
232 2905 456 2974 alinm'manit
476 2933 550 2975 cum
562 2910 653 2975 testi·
682 2917 750 2984 XV.
768 2914 822 2980 cui
836 2910 985 2976 mannuit
997 2917 1182 3000 componat.

117 2992 170 3057 ltus
199 2995 239 3057 od
276 2997 412 3057 domum
430 2996 519 3059 illius
543 2995 655 3057 ambo-

118 3077 177 3138 lare
197 3077 290 3140 debit
306 3087 340 3139 et
357 3077 404 3140 sic
419 3099 494 3141 eum
515 3079 654 3156 munire,

118 3169 150 3220 ut
168 3169 222 3221 out
245 3181 332 3222 uxor
354 3159 444 3224 illius
463 3171 520 3224 aut
539 3182 649 3244 quem·

119 3263 241 3325 cunque
258 3243 299 3304 de
314 3242 436 3305 familia
447 3245 598 3329 appellit,
615 3249 651 3303 ut

118 3322 162 3383 illi
179 3325 280 3386 sociat
296 3335 428 3402 notum,
451 3326 539 3410 quod
553 3326 592 3386 ab
612 3325 649 3384 il·
678 3339 683 3342 ’
747 3348 749 3358 ·
789 3337 791 3342 ’
820 3339 825 3342 ’

118 3403 373 3471 lomanitusest.
412 3407 493 3469 Nom
507 3410 533 3471 si
549 3408 583 3470 in
596 3407 650 3468 do·

118 3486 230 3550 minica
251 3489 409 3552 ambascia
437 3491 538 3554 fuerit
559 3510 657 3553 occu*

118 3580 223 3652 potus,
245 3573 372 3635 monice
391 3593 457 3634 non
479 3582 611 3656 potest„
624 3570 652 3632 si

119 3672 190 3714 vcro
205 3654 299 3716 intro
317 3675 399 3738 pago
415 3655 515 3716 fuerit
528 3678 586 3718 sua
603 3675 657 3714 ra«

118 3732 258 3815 tionem,
285 3738 371 3799 sicut
391 3738 538 3819 superius
562 3736 653 3802 dixi-

118 3836 181 3879 mus
196 3817 323 3882 monite
346 3824 458 3903 polest.

116 3964 160 4037 ΙΙ.
209 3969 279 4042 De*
302 3969 410 4043 furtis
439 3993 648 4067 porcorum.
708 3975 756 4046 11.
804 3973 864 4048 Do
880 3971 966 4046 fort.
986 3992 1194 4068 porcorum.

153 4127 186 4190 Si
215 4130 291 4214 quis
317 4133 498 4218 porcellum
526 4137 651 4200 lacten·
726 4136 760 4198 Si
772 4135 845 4220 quis
857 4135 1038 4222 porcellum
1051 4137 1224 4197 lactantem

118 4219 177 4272 tem
198 4215 376 4298 furaverit,
398 4219 451 4282 cui
471 4221 571 4281 fucrit
591 4222 648 4283 ad·
683 4219 723 4283 de
742 4222 857 4282 franne
876 4219 1034 4284 furaverit
1053 4228 1086 4282 et
1107 4217 1137 4278 ei
1154 4217 1226 4276 fue-

118 4294 283 4378 prolmtum
312 4305 428 4377 (nono,
450 4303 650 4385 clarentem)
682 4303 726 4366 rit
744 4301 954 4389 adprobatum
975 4307 1077 4382 (uoto.
1093 4301 1225 4368 chrinne
