2900 5020
207 285 281 400 idi,
512 303 621 369 LEGts
636 299 838 363 custodum
860 302 931 366 Tm
944 301 988 364 ῃ,

516 439 607 518 Tm
633 445 683 523 ΙΙ.
733 445 792 522 De
822 445 987 522 Pomm,

216 604 246 636 ,ν
277 575 333 642 ..lp
357 573 394 636 Si
418 571 539 636 nobilis
570 569 716 635 nobilem
741 589 801 654 per
827 573 995 656 ingenium
1028 572 1093 635 alio
1121 571 1248 634 homini
1284 573 1330 634 ad

209 659 427 724 occidentium
446 663 482 729 a)
510 657 712 739 exposuerit,
742 665 775 716 et
801 657 856 734 is,
875 655 932 740 qui
953 675 1027 718 cum
1052 655 1189 738 occidit,
1217 655 1331 738 patria

206 735 544 823 delicta›=proiugerit,
579 739 637 822 qui
660 759 734 815 eum
753 741 901 824 exposuit
921 740 1050 801 tertiam
1068 749 1193 824 partem
1213 737 1330 803 leudis

212 832 393 908 componat.
1119 818 1122 830 ’
1295 824 1298 833 ’

291 907 335 969 11.
377 907 411 967 Si
435 926 513 967 vero
545 901 707 964 homicida
734 901 974 990 confugerit,
1006 903 1090 968 nihil
1111 907 1237 984 solvat,
1263 903 1328 968 s'ed

156 1023 157 1026 ¹
208 999 336 1051 tuntum
363 988 546 1050 iuimicitias
580 986 836 1069 propinquorum
869 985 1009 1047 hominis
1039 986 1137 1050 occisi
1163 987 1328 1071 patiatur,

209 1074 314 1135 donec
345 1071 506 1153 quomodo
530 1072 687 1150 potuerit,
710 1089 821 1128 eorum
847 1069 1019 1130 amicitiam
1044 1071 1249 1154 adipiscatur.

245 1165 248 1198 ³
291 1152 354 1219 111.
398 1156 432 1216 si
455 1162 561 1214 autem
588 1151 649 1213 hoc
671 1151 949 1230 fecissedicitur,
980 1161 1013 1213 et
1035 1149 1222 1235 negaverit,
1245 1171 1323 1215 cum

210 1236 317 1298 trihus
334 1234 615 1297 sacramentalibus
628 1233 722 1300 iuret.
766 1235 800 1296 Si
823 1235 899 1311 iile,
922 1235 980 1318 qui
996 1234 1161 1297 homiuem
1180 1236 1323 1312 occidit,

209 1319 396 1404 profugium
416 1319 504 1383 fecit.
546 1317 604 1376 Sin
629 1335 707 1378 vero
726 1317 888 1381 homicida
909 1316 994 1376 infra
1016 1318 1153 1400 patriam
1175 1325 1239 1400 est,
1266 1338 1324 1380 ex-

208 1400 434 1486 potimrnihil
464 1403 568 1476 iuret,
611 1399 667 1460 sed
697 1408 822 1460 tantum
848 1397 1033 1461 inimicitias
1061 1401 1326 1484 propinquorum

211 1477 309 1545 occisi
329 1482 470 1545 hominis
499 1482 654 1564 patiatur,
685 1481 790 1544 donec
812 1481 972 1560 cumeis,
995 1503 1129 1566 quoquo
1150 1483 1324 1567 modopo-

209 1566 332 1643 tuerit,
361 1564 550 1646 ingratiam
576 1571 768 1625 revertatur.

223 1649 350 1717 ·¹¹,I=V.
393 1649 428 1708 Si
459 1646 580 1708 ‘nobilis
604 1646 742 1706 liberum
764 1646 929 1709 hominem
958 1647 1143 1731 exposuisse
1179 1641 1322 1726 dicitur,

210 1728 339 1793 tertiam
357 1739 482 1813 partem
499 1729 604 1791 leudis
624 1730 693 1791 eius
714 1751 816 1814 comp.
858 1731 892 1791 si
911 1739 1001 1792 extra
1017 1731 1151 1812 patriam
1166 1730 1249 1811 fugit
1263 1727 1324 1810 qui

211 1811 376 1874 hominem
403 1812 539 1874 occidit:
577 1811 604 1872 si
632 1831 708 1872 vero
731 1812 816 1872 infra
844 1813 979 1894 patriam
1002 1822 1064 1890 est,
1094 1811 1187 1871 nihil.
1206 1813 1323 1878 so'irat.

215 1895 314 1974 Quod
336 1895 365 1956 si
380 1893 563 1977 negaverit,
585 1891 733 1954 similiter
744 1895 828 1956 sicut
838 1897 878 1956 de
894 1884 995 1954 nobili
1014 1901 1247 1957 sacramentum
1269 1893 1323 1954 iu-

212 1969 282 2054 ret't
307 1977 402 2038 tertia
430 1977 620 2038 sacramenti
648 1977 793 2058 portione
819 1978 984 2060 adempta,
1013 1986 1151 2062 propter¹
1172 1977 1323 2039 viliorem

211 2080 382 2144 personam
405 2059 500 2120 liberi
527 2058 676 2118 hominis.

296 2143 336 2204 V.
378 2143 411 2203 si
440 2143 479 2202 de
500 2139 558 2201 lito
583 2139 669 2202 idem
686 2140 792 2203 scelus
818 2141 850 2204 ei
879 2141 1078 2224 imputetur,
1106 2151 1138 2203 et
1160 2139 1325 2203 homicida

213 2225 371 2301 defuerit,
415 2233 449 2286 ut
488 2222 637 2305 superius
670 2223 709 2286 dc
745 2224 850 2284 libero
891 2232 1126 2288 sacramentum
1157 2225 1322 2308 perficiat,

215 2306 361 2388 adempta
389 2305 490 2388 ipsius
516 2305 703 2366 sacramenti
732 2305 865 2367 dimidia
896 2306 1065 2390 portione,
1107 2306 1235 2368 solvens
1259 2315 1324 2368 ter-

212 2388 290 2452 tiam
315 2389 499 2472 portionem
530 2387 635 2448 leudis
673 2387 761 2467 eius,
803 2389 830 2450 si
858 2410 976 2472 negare
1006 2409 1071 2448 uon
1098 2389 1260 2472 potuerit,
1290 2398 1325 2450 et

212 2469 313 2546 atita,
339 2471 491 2552 quicum
515 2469 651 2546 occidit,
683 2469 769 2530 infra
798 2472 932 2552 patriam
964 2471 1085 2548 fuerit,
1117 2471 1201 2534 sicut
1232 2494 1324 2554 supe-

212 2553 281 2614 ritrs'
302 2551 461 2630 diximus,
491 2552 653 2637 expositor
673 2571 735 2612 uec
757 2552 858 2632 iuret,
881 2575 942 2616 nec
971 2553 1101 2615 leudem
1122 2554 1244 2634 solvat,
1265 2553 1325 2615 sed

214 2633 400 2778 inimicitlias
428 2635 682 2722 propinguorum
703 2633 800 2696 occisi
819 2634 977 2721 patiatur,
999 2635 1103 2697 donec
1130 2657 1164 2700 se
1184 2658 1257 2698 cum
1278 2636 1324 2698 eis

215 2717 346 2780 reconci
363 2716 416 2781 iet.

296 2799 353 2866 VI.
395 2798 430 2862 Si
450 2799 534 2862 liber
561 2799 595 2860 in
624 2797 767 2860 nobilem
789 2797 953 2862 hominem
982 2799 1047 2862 tale
1073 2800 1180 2863 scelus
1203 2799 1325 2863 dicitur

213 2879 435 2968 perpetrasse,
456 2883 604 2945 similiter
625 2891 662 2944 ut
682 2881 801 2943 nobilis
828 2892 1025 2944 sacramento
1044 2891 1246 2961 seexcuset,
1270 2883 1323 2945 ad·

215 2965 282 3028 ms
304 2985 402 3048 super
424 2973 672 3040 sacramentum,
702 2964 790 3046 quod
819 2965 938 3027 nobilis
956 2963 1063 3026 iurare
1084 2965 1200 3043 debet,
1222 2965 1323 3048 ipsius

214 3047 402 3124 sacramenti
426 3050 522 3108 tertia
544 3047 691 3130 portione
700 3070 708 3117 ;
735 3053 790 3106 aut
813 3047 839 3108 si
866 3069 984 3132 negare
1011 3069 1077 3108 non
1100 3049 1261 3128 potuerit,
1292 3057 1324 3109 ct

213 3125 377 3192 homicida
408 3131 565 3207 defuerit,
608 3127 711 3191 solvat
734 3129 863 3189 tertiam
885 3140 1007 3213 partem
1033 3129 1136 3191 leudis
1170 3130 1258 3208 eius,
1297 3129 1323 3190 si

217 3234 294 3274 vero
327 3211 489 3274 homicida
523 3213 607 3283 infra
633 3209 766 3293 patriam
794 3211 917 3291 fuerit,
958 3232 1019 3274 nec
1050 3212 1150 3289 iuret,
1181 3233 1242 3274 nec
1267 3211 1322 3272 ali·

215 3293 296 3376 quid
329 3295 455 3368 solvat,
485 3295 542 3356 sed
570 3303 696 3354 tantum
729 3293 913 3357 inimicitias
942 3293 1200 3376 propinquorum
1229 3293 1323 3357 occisi

214 3375 373 3462 patiatur,
403 3376 507 3438 donee
529 3396 602 3440 cum
624 3375 669 3436 eis
692 3375 726 3434 in
751 3376 883 3457 gratiam
900 3385 1087 3437 revertatur.

260 3513 264 3523 ,
298 3456 377 3523 vll.
419 3459 453 3518 Si
479 3481 556 3520 vero
582 3459 621 3519 de
654 3457 758 3517 libero
786 3458 873 3518 idem
899 3458 1003 3518 scelus
1044 3457 1095 3517 illi
1129 3455 1321 3540 imputetur,

218 3534 280 3602 sihi
309 3549 424 3618 quarto
450 3550 682 3601 sacramentum
708 3539 794 3599 iuret
817 3539 868 3600 vel
892 3540 919 3600 si
944 3539 1106 3600 homicida
1127 3542 1324 3623 profugerit,

217 3620 345 3685 tertiam
377 3623 559 3704 portionem
598 3621 703 3684 leudis
732 3620 801 3682 eius
838 3630 1025 3703 componat,
1061 3622 1088 3682 si
1117 3643 1234 3706 negare
1259 3645 1322 3683 nou

216 3701 369 3788 potuerit.
423 3702 458 3764 Si
487 3725 564 3766 vero
585 3703 748 3766 homicida
778 3701 861 3763 infra
887 3704 1022 3786 patriam
1048 3713 1113 3782 est,
1142 3725 1200 3766 nec
1222 3705 1322 3781 iuret,

218 3806 281 3846 nec
308 3784 434 3867 aliquid
451 3787 574 3865 solvat,
607 3787 665 3848 sed
682 3794 807 3846 tantum
829 3795 866 3846 ut
885 3785 1032 3868 superius
1053 3785 1194 3849 faidosus
1208 3787 1236 3865 b)
1255 3807 1325 3868 per·

218 3876 364 3945 maneat,
393 3869 500 3931 donec
531 3869 565 3930 in
594 3866 728 3951 gratiam
762 3890 836 3930 cum
865 3867 1059 3953 propinquis
1095 3870 1193 3932 occisi
1215 3889 1326 3931 ¹rever-

219 3960 316 4015 tatur.
347 4003 350 4008 .

239 4072 242 4083 ·
300 4033 392 4102 VIII.
434 4032 469 4094 Si
494 4030 534 4094 de
562 4031 622 4096 lito
643 4030 730 4094 idam
755 4031 878 4115 agitur,
909 4030 1111 4116 ademptae)
1139 4032 1327 4094 sacramenti

1094 4139 1097 4148 u
1133 4140 1136 4149 ι

226 4187 352 4202 -—-

285 4278 321 4338 a)
338 4271 450 4328 Herold.
468 4269 506 4326 ad
522 4237 706 4328 occidentem.¹
732 4271 848 4338 mind.
858 4227 1005 4344 faydorusi
1048 4268 1194 4354 chierold.
1212 4269 1325 4343 dempta.
