2826 4998
153 299 191 353 1v
512 298 514 304 ’
598 293 806 348 PRAEFATIO.

152 466 259 552 densis
278 477 431 554 putatur,
453 487 518 549 quo
537 464 585 532 Io.
603 465 762 528 Heroldns
780 464 813 526 in
829 487 886 528 sua
900 465 1042 530 editione
1060 471 1090 545 a)
1112 479 1187 529 usus
1204 476 1260 529 ests

150 585 339 674 Lecti‘onem
368 582 578 643 Heroldinam
606 589 806 664 exceperunt
823 579 962 644 ‘Godofn
987 578 1203 644 Wendelinus
1231 584 1260 660 bl

100 703 103 710 ’
151 711 184 764 et
206 703 230 760 Ι.
253 703 290 760 G.
311 698 473 761 Eccardns
497 705 542 776 c),
574 698 619 760 sic
649 706 756 758 tamen
787 707 824 758 nt
844 696 1005 759 Eccardus
1035 717 1137 759 nuum
1167 698 1261 758 alter·

151 838 247 880 umve
268 801 442 882 mutaverit
464 816 517 878 vel
549 814 719 894 addiderit.
761 805 852 876 Idem
880 815 1012 898 insuper
1043 821 1152 892 notas,
1182 837 1261 896 quas

150 919 312 994 Hcroldus
343 930 377 990 in
400 929 541 1012 margine
559 924 710 1013 scripsit,
739 950 823 1010 pene
851 930 982 990 omnino
1011 928 1174 1012 neglexit.
1204 929 1262 990 sed
1302 949 1306 958 ⁴

152 1047 228 1108 alias
249 1045 427 1106 lectionum
448 1044 617 1106 varietates
645 1064 686 1104 ex
714 1051 852 1126 quatuor
874 1043 1065 1122 (lodicibus,
1098 1060 1165 1104 uno
1188 1046 1261 1104 Go-

151 1163 249 1224 thuno
273 1171 305 1223 et
325 1161 428 1222 tribus
448 1158 703 1220 Guelferbitnnis
717 1157 886 1242 congessit,
911 1154 1047 1222 Eccardi
1061 1168 1183 1220 textum
1196 1169 1261 1219 tam

154 1276 332 1360 Georgisch
364 1275 402 1353 d)
435 1293 532 1356 quarn
560 1274 716 1338 Canciani
738 1281 765 1354 c)
797 1274 838 1342 ad
874 1274 1013 1336 litteram
1042 1285 1260 1354 servaverunt.

154 1391 247 1452 Alter
265 1364 378 1452 Codex
400 1391 533 1454 vocibus
554 1390 696 1452 barbaris
717 1390 869 1482 notabilis
898 1400 946 1453 est
965 1412 1049 1452 unns
1069 1391 1260 1452 Guelferbi-

153 1517 262 1585 tanus,
291 1528 356 1588 quo
388 1508 450 1568 iam
477 1507 640 1570 Eccardus
674 1507 709 1567 in
739 1506 883 1568 editione
912 1506 1038 1568 laudata
1066 1527 1141 1569 usus
1170 1517 1260 1584 erat,

149 1617 250 1706 quem
278 1632 384 1684 autem
413 1623 449 1682 in
477 1644 535 1684 sua
564 1621 755 1684 collectione
791 1621 910 1685 iterum
947 1641 989 1683 ex
1018 1619 1145 1705 integro
1178 1622 1261 1706 typis

221 1863 255 1930 a)
274 1860 413 1928 Originum
432 1877 463 1913 ae
489 1859 712 1913 Germanicarum
735 1855 931 1930 antiquitatum
958 1859 1050 1925 Libri,
1077 1859 1161 1926 Leges
1186 1857 1263 1913 vide-

150 1959 217 2010 licet
236 1957 353 2018 Salinae,
374 1957 772 2028 ltipnariae,1lllemannorum,
791 1957 982 2022 baioariorum,
999 1959 1146 2018 Saxonum,
1164 1957 1263 2008 Vuest-

150 2053 313 2123 phalarum,
339 2053 511 2117 Angliorum,
541 2053 738 2116 Vnerinorum,
765 2053 981 2118 Thuringornm,
1010 2052 1179 2115 Frisiorum,
1196 2054 1263 2105 Bur·

151 2145 334 2212 gaudianum,
355 2143 607 2221 Langobardorum,
627 2145 807 2206 Francorum,
827 2145 1011 2197 Theutonum.
1033 2175 1062 2186 -
1083 2149 1261 2220 operatore,

151 2238 242 2290 Basilii
261 2233 370 2288 loannis
388 2237 507 2298 Herold‚
528 2253 559 2287 ac
579 2237 727 2288 collatione
752 2237 989 2306 exemplariorum,
1018 2249 1090 2308 (fuae
1112 2242 1263 2294 vetustissi-

152 2333 216 2394 mis,
242 2347 366 2382 necnon
387 2337 449 2380 ante
467 2325 650 2396 septingentos
669 2345 753 2380 annos
780 2329 895 2398 depictis
920 2330 1121 2385 characteribus
1139 2349 1264 2404 expressa

152 2434 248 2487 erant,
275 2422 420 2493 descripti,
451 2419 607 2482 emendati,
636 2427 718 2490 atque
742 2420 769 2471 in
789 2421 880 2472 lucem
905 2437 1001 2487 magus
1028 2423 1157 2492 religione
1184 2426 1260 2479 editi.

95 2587 96 2592 ¹
153 2521 323 2579 ÷Basileae‚
342 2535 389 2588 per
405 2516 553 2570 Henrieum
571 2514 653 2570 beni.
672 2518 721 2587 (In
732 2516 790 2588 fine
807 2517 915 2590 praefi.-
932 2519 1012 2572 Anno
1028 2537 1045 2572 a
1061 2530 1126 2572 nate
1143 2521 1260 2586 Christo,

151 2613 462 2686 mmmmm.
876 2593 880 2600 “

220 2720 248 2791 b)
284 2720 365 2784 Leges
387 2717 496 2770 Salicae
519 2716 693 2779 illustratae,
725 2717 833 2768 illarum
862 2719 955 2770 natale
982 2719 1070 2770 solnm
1096 2717 1263 2772 demonstra-

148 2817 227 2876 tum,
257 2829 319 2864 cum
336 2808 462 2878 glossario
480 2827 579 2870 vocum
597 2808 798 2870 adraticarum,
826 2808 1172 2866 Antw.MDcxtlx.s01.

221 2913 247 2983 c)
284 2916 366 2979 Leges
398 2912 562 2988 Francorum
589 2912 696 2966 Salicae
723 2921 752 2965 et
776 2912 961 2982 Ripnariorum
988 2929 1049 2964 cum
1078 2897 1263 2966 additionibus

151 3011 253 3076 Regum
272 3018 300 3059 et
319 3011 514 3078 Imperatorum
532 3007 612 3061 variis
631 3025 664 3060 ex
683 3007 773 3060 Msstis
791 3007 939 3060 Codicibus
954 3007 1134 3071 emendatae,
1153 3017 1262 3071 auctae,

149 3114 180 3156 et
206 3104 277 3156 notis
303 3103 441 3174 perpetuis
469 3105 622 3160 illustratae
642 3131 671 3143 -
692 3119 773 3174 opera
794 3111 825 3156 et
842 3103 934 3156 studio
953 3105 994 3156 Io.
1015 3102 1123 3168 Georgii
1140 3101 1262 3154 Eccardi.

157 3197 282 3252 Francos.
303 3207 330 3250 et
348 3199 454 3270 Lipsiae
473 3217 544 3250 anno
563 3197 724 3252 Mnccxx.
745 3199 790 3250 sol.

224 3301 259 3370 d)
294 3301 397 3372 Corpus
423 3301 488 3354 iuris
508 3301 663 3356 Germanici
682 3303 789 3373 antiqui
808 3320 863 3373 quo
886 3301 1062 3357 continentur
1078 3304 1161 3370 Leges
1181 3304 1266 3356 Fran-

153 3417 246 3452 corum
272 3398 379 3449 Salicae
408 3407 436 3451 et
463 3397 666 3467 llipuariorum‚
698 3398 928 3462 Alamannorum,
957 3398 1177 3462 Baiurariorum,
1200 3402 1266 3451 Bur-

151 3497 338 3564 gundionum,
366 3492 536 3553 Frisionum,
562 3491 718 3557 Angliorum
737 3498 764 3541 et
790 3488 979 3556 Werinorum,
1010 3489 1163 3557 Saxonum,
1197 3495 1268 3546 Lan-

151 3591 349 3658 gobardorum,
376 3585 604 3651 Wisigotharum,
634 3581 844 3650 Ostgothoram,
870 3601 997 3638 necnon
1023 3586 1190 3656 capitularia
1215 3588 1269 3638 Re-

151 3706 214 3754 gnm
241 3690 421 3745 Francorum,
448 3700 503 3735 una
528 3697 591 3732 cnm
614 3679 699 3730 Libris
725 3679 925 3755 capitularium
947 3681 982 3732 ab
1005 3681 1134 3747 Ansegiso
1160 3680 1268 3733 Abbate

153 3789 182 3838 et
208 3779 357 3832 benedicto
383 3772 476 3826 Levita
501 3770 635 3824 'collectis
673 3796 702 3812 *-
736 3772 857 3825 Consilio
885 3774 923 3824 lo.
952 3775 1038 3827 Gottl.
1069 3773 1211 3828 Heineccii
1236 3799 1267 3812 —-

62 3892 64 3896 ·
153 3875 295 3950 adornavit
309 3877 402 3925 Petrus
421 3867 577 3934 Georgisch.
615 3866 701 3919 llalae
719 3863 1217 3941 MagdeburgicaeMDCCXXXVllI.
1243 3865 1269 3934 4.

168 3967 172 3978 ’
223 3978 250 4048 e)
285 3975 462 4042 barbarorum
486 3975 569 4037 Leges
595 3971 725 4040 antiquae
755 3988 818 4024 cnm
836 3973 908 4025 notis
931 3981 963 4024 *et
978 3972 1123 4041 glossariis.
1149 4000 1179 4013 ·-
1206 3973 1269 4024 Col-

152 4071 239 4140 legit,
264 4072 343 4139 plura
366 4069 438 4122 notis
466 4077 493 4120 et
519 4067 797 4119 animadversionibus
815 4057 975 4131 illustravit,
994 4069 1176 4122 monumentis
1199 4086 1270 4139 qno-

153 4183 208 4236 que
225 4161 336 4216 ineditis
354 4162 496 4214 exornavit
514 4161 541 4212 F.
562 4161 662 4212 Paulus
687 4161 819 4213 Canciani
831 4160 978 4232 (venetiis
995 4163 1216 4218 Mucctxxxl.
1237 4189 1270 4202 ·-

152 4255 344 4327 Mnccxctl.
363 4256 395 4310 V·
413 4253 475 4309 Vol.
494 4251 561 4324 sol.)
577 4253 654 4308 Tom.
676 4252 716 4309 11.
731 4270 792 4326 pag.
809 4271 836 4322 9.
