2826 4998
205 311 257 387 24
528 327 631 382 neers
652 325 798 380 stuata
817 327 886 380 rrr.
906 327 978 381 xrv.

246 472 291 538 Il.
333 470 368 533 Si
382 488 458 532 vero
473 467 628 528 furaverit
643 466 730 548 quod
743 487 794 526 va·
862 464 908 530 ΙΙ.
949 464 983 523 Si
1011 484 1087 524 vero
1121 465 1311 543 furaverit,

204 556 276 617 lent
294 557 360 620 XL.
383 549 525 626 denarii,
557 559 612 609 aut
628 557 791 624 castretur,
820 548 909 629 quod
922 547 1007 611 valet
1018 546 1167 610 XL.den.
1180 555 1235 606 aut
1245 569 1312 607 cas-

205 647 261 698 aut
277 634 400 699 CCXL.
417 633 490 694 deu.
511 632 567 710 qui
589 631 712 691 faciunt
733 631 790 690 sol.
818 639 932 708 tuetur,
952 638 1006 689 aut
1024 629 1141 690 CCXL.
1158 629 1233 693 den.
1253 629 1311 709 qui

205 721 260 784 VI.
275 717 398 778 reddat.
444 714 599 775 Dominus
619 733 694 775 vero
706 712 790 774 servi
817 713 940 771 faciunt
956 712 1014 773 sol.
1035 709 1087 787 VI.
1096 710 1217 770 reddat.
1239 713 1311 770 Do-

205 802 274 864 eius
291 800 348 881 qui
369 800 491 858 furtum
514 796 646 872 fecerit,
672 815 741 877 cap.
758 802 790 855 et
817 793 922 854 miuus
938 801 1044 854 autem
1058 793 1151 868 servi,
1167 791 1224 873 qui
1237 793 1311 850 fur-

203 884 381 946 delaturam
398 880 430 939 in
447 879 519 938 loco
540 878 695 942 restituat.
817 883 885 934 tum
908 873 1038 949 feeerit,
1054 873 1187 957 capitale
1207 874 1243 933 in
1258 873 1310 933 Io-

246 965 308 1030 111.
352 963 546 1041 Quicunque
572 959 708 1019 alienam
730 960 790 1020 do·
818 978 891 1018 cum
910 957 1066 1022 restituat.

203 1069 292 1108 mum
316 1045 488 1108 violenter·
503 1041 728 1102 disturbaverit
753 1051 790 1114 z)

201 1140 238 1193 et
254 1130 366 1191 domus
386 1127 412 1188 si
428 1144 487 1208 pro
501 1123 697 1184 firmamento
714 1123 789 1184 Ibe-

202 1235 259 1276 rus
279 1210 427 1270 habuisse
451 1205 622 1286 prodatur,
650 1206 706 1287 qui
726 1206 789 1266 hoe

203 1293 329 1370 fecerit,
350 1288 505 1352 MDCCC.
523 1287 662 1348 denariis
677 1288 789 1369 culpa-

202 1376 277 1437 hilis
298 1374 467 1435 iudicetur.
495 1369 576 1430 Etsi
594 1369 633 1430 de
650 1370 718 1452 ipsa
729 1370 789 1434 do-

203 1479 256 1519 mo
281 1456 416 1541 proinde
441 1472 514 1514 cum
539 1473 629 1513 carro
665 1451 789 1533 aliquid

203 1539 332 1601 trahere
359 1534 622 1619 praesumpserit,
654 1543 787 1616 excepto

204 1622 368 1706 superiore
378 1638 511 1678 numero
520 1617 617 1679 MCC.
644 1617 717 1682 den.
729 1617 787 1698 qui

204 1703 328 1767 faciunt
340 1702 397 1764 sol.
412 1698 519 1761 XXX.
533 1697 701 1778 culpabilis
721 1699 787 1760 iud.

205 1794 340 1869 excepto
357 1782 493 1868 capitale
514 1789 546 1843 et
564 1779 716 1844 delatura.

71 2047 74 2054 .
200 1955 294 2029 ΤΠ.
314 1959 419 2032 XIV.
470 1953 526 2028 De
540 1947 786 2051 ingenuis‘ho-
817 1955 905 2024 Tt'r.
921 1957 1023 2025 XIV.
1056 1957 1116 2026 De
1138 1959 1304 2050 ingenuis

204 2060 381 2148 minibuS,
411 2060 472 2151 qui
488 2060 656 2126 mulieres
682 2059 788 2148 inge·
815 2055 1034 2143 hominibus,
1053 2056 1112 2147 qui
1129 2058 1304 2147 ingenuas

363 2182 451 2226 nuas
472 2159 626 2250 rapiunt.
887 2155 1056 2223 mulieres
1072 2157 1228 2247 rapiunt.

143 2311 148 2325 '
245 2307 272 2372 I.
313 2309 346 2370 si
375 2309 431 2392 qui
451 2317 514 2370 tres
540 2309 709 2387 homines,
740 2309 787 2368 in·
855 2307 880 2370 I.
921 2306 955 2366 Si
978 2316 1042 2368 tres
1076 2307 1221 2370 homines
1257 2311 1306 2369 in·

206 2413 342 2474 genuam
364 2393 503 2475 pueliam
521 2391 561 2452 de
580 2414 660 2468 casa,
679 2401 733 2451 aut
747 2391 786 2450 de
816 2409 951 2469 genuam
980 2389 1120 2471 puellam
1153 2391 1192 2450 de
1230 2413 1304 2452 casa

205 2495 336 2535 screona
355 2475 540 2557 rapuerint,
555 2479 654 2549 (ntur.
671 2473 789 2533 Anthu-
815 2480 869 2529 aut
882 2472 919 2532 de
930 2492 1060 2532 screona
1072 2482 1109 2542 a)
1121 2473 1304 2554 rapuerint,

205 2558 285 2631 mia)
305 2558 401 2621 MCC.
419 2557 490 2621 den.
514 2558 570 2637 qui
590 2557 713 2616 faciunt
729 2554 787 2616 sol.
815 2554 1035 2635 unusquisque
1071 2575 1181 2612 eorum
1217 2556 1301 2624 ICC.

204 2635 314 2700 XXX.
338 2638 505 2720 culpabilis
522 2639 691 2716 iudicetur,
719 2658 786 2698 exc.
815 2635 887 2696 den.
905 2635 960 2717 qui
978 2633 1101 2694 fuciunt
1118 2637 1165 2696 sol
1188 2635 1302 2700 XXX.
1398 2715 1399 2730 .

205 2720 339 2863 capitale
363 2729 394 2781 et
412 2720 564 2780 delatura.
814 2718 898 2798 culp.
918 2717 984 2778 iud.

266 2804 291 2865 l.
332 2802 387 2866 Illi
415 2824 490 2864 vero
517 2801 574 2883 qui
600 2822 695 2882 super
723 2807 787 2860 tres
855 2799 899 2863 ll.
940 2798 994 2858 Illi
1010 2820 1084 2860 vero
1098 2799 1153 2859 alii
1173 2801 1230 2881 qui
1246 2824 1303 2862 su·
1397 2813 1400 2877 t

203 2884 327 2945 fuerint
344 2882 400 2947 CC
426 2884 499 2948 den.
518 2883 574 2964 qui
595 2885 718 2943 faciunt
730 2882 787 2947 sol.
813 2901 872 2963 per
885 2891 949 2942 tres
968 2882 1101 2959 fuerint,
1124 2883 1303 2964 uuusquis-

204 2967 245 3030 V.
264 2966 348 3048 culp.
362 2964 559 3043 iudicentur,
576 2973 708 3048 excepto
721 2986 789 3047 cup.
813 2983 876 3044 que
894 2985 1003 3023 eorum
1014 2963 1075 3023 CC.
1092 2964 1164 3024 den.
1179 2967 1236 3046 qui
1252 2968 1302 3026 fa-

205 3055 239 3109 et
261 3046 414 3108 delatura.
813 3046 903 3105 ciunt
924 3045 981 3108 sol.
1002 3047 1041 3106 V.
1063 3046 1147 3128 culp.
1170 3045 1238 3108 iud.
1356 3087 1358 3092 -

245 3127 308 3191 III.
349 3129 414 3208 Qui
431 3151 505 3191 eum
523 3127 641 3211 sagittis
655 3125 787 3204 fuerint,
854 3128 916 3189 Ill.
958 3127 1025 3204 Qui
1036 3127 1238 3210 cumsagittis
1251 3133 1305 3190 fu-

205 3211 426 3294 unusquisque
448 3212 579 3272 illorum
597 3209 698 3270 CXX.
714 3209 787 3273 den.
814 3210 913 3287 erint,
938 3210 1156 3290 uuusquisque
1187 3233 1303 3273 eorum

204 3293 262 3376 qui
291 3295 414 3355 faciunt
446 3293 502 3355 sol.
535 3294 591 3353 111.
621 3290 788 3374 culpabilis
814 3293 910 3355 CXX.
928 3292 1000 3352 deu.
1018 3291 1075 3372 qui
1091 3292 1215 3353 faciunt
1241 3297 1301 3356 sol.

203 3374 365 3518 {pullicetur
380 3421 390 3454 ,
422 3385 556 3459 excepto
589 3375 722 3458 capitale
756 3381 788 3433 et
813 3373 870 3433 111.
890 3373 976 3454 culp.
990 3372 1158 3436 iudicetur.

227 3466 356 3519 eatura.

244 3538 304 3600 tv.
346 3541 465 3622 Raptor
483 3560 559 3601 vero
583 3539 688 3600 MMD.
715 3537 787 3598 den.
855 3535 915 3604 IV,
954 3537 1072 3618 Raptor
1101 3557 1187 3615 vero,
1226 3541 1300 3605 ΙΙΙ),

203 3621 260 3703 qui
294 3622 417 3682 faciunt
444 3623 501 3684 sol.
522 3621 618 3685 LXII.
644 3642 717 3680 oum
737 3619 787 3680 di·
815 3619 888 3681 den.
909 3619 964 3699 qui
985 3619 1106 3680 fuciunt
1127 3620 1183 3684 sol.
1195 3621 1302 3688 LXII.

204 3703 314 3779 midio,
336 3703 504 3785 culpabilis
524 3703 696 3780 iudicetur,
719 3723 787 3763 exc.
815 3701 845 3764 S.
864 3701 947 3783 culp.
966 3701 1032 3765 iud.

203 3785 337 3868 capitale
359 3795 389 3846 et
408 3786 561 3848 delatura.

246 3869 283 3934 V.
325 3869 360 3929 Si
377 3889 452 3928 vero
467 3867 585 3950 puella,
597 3865 788 3948 quaetrahi-
855 3864 894 3926 V.
937 3866 1067 3927 sivero
1091 3867 1300 3949 puellaquae

1399 3131 1402 3214 i

1400 3233 1402 3276 t

1331 3459 1334 3462 ,

201 3951 309 4030 tur,in
321 3951 417 4012 verbo
429 3949 523 4031 Regis
539 3949 647 4026 fuerit,
661 3957 788 4029 propter
813 3947 969 4025 trahitur,
1003 3949 1037 4018 iu
1068 3950 1167 4010 verbo
1204 3950 1300 4030 Regis
1400 3981 1401 4032 ᾗ

198 4034 326 4097 fredum
351 4033 457 4093 MMD.
484 4031 557 4091 den.
585 4031 641 4110 qui
664 4031 788 4091 faciunt
812 4029 921 4108 suerit,
935 4039 1067 4112 propter
1078 4031 1218 4104 fredum,
1229 4033 1300 4091 lID.
1400 4033 1401 4070 I

213 4180 595 4202 W

267 4254 348 4319 z)1n
366 4272 443 4321 marg.
464 4253 635 4306 destruxerit.
670 4258 721 4305 u)
736 4251 861 4322 Quatuor
879 4252 962 4320 Codd.
982 4253 1049 4305 Pith.
1070 4267 1191 4306 scr-euna.
