2900 5020
450 341 620 401 ιιιιιιιιο
636 333 845 402 seriumne
1067 341 1073 354 ·
1157 307 1235 412 stt

200 483 382 555 LXXVII
412 486 449 550 Si
473 483 642 550 bisetium
668 486 759 549 iuxta
773 485 936 572 scapulam
955 472 1137 553 abicissdrb
1144 471 1230 554 ‘fue-

108 571 178 652 rit,
206 571 311 633 tribus
326 570 457 634 solidas
456 582 488 633 et
503 591 631 632 semisse
651 569 699 652 m)
719 581 939 653 componatur.
1189 579 1233 608 '¹¹‘

203 655 386 716 LXXVIII.
430 652 645 715 Sibracbinm
668 673 819 715 mancum
835 654 1046 741 pependerit,
1072 654 1230 720 medieta-

111 747 170 818 te,
182 737 219 803 si
243 736 415 799 abscissum
434 733 566 814 fulsset,
596 745 816 818 componatur.
1185 750 1233 800 ’·’Ὶ

202 821 347 885 LXXIX.
389 820 424 882 si
446 821 570 902 qnidn
549 781 586 894 ri)
615 820 655 881 de
681 819 814 882 brachio
841 829 936 906 atque
959 842 1075 902 mann,
1112 823 1157 885 ita
1182 813 1236 886 aa*

111 925 253 968 coxaac
298 903 357 964 ede
377 903 555 966 iudicatam
568 909 634 962 est.

201 925 335 1048 LXXX.
294 985 412 1047 XSi
439 1007 508 1069 per
506 985 635 1046 vulnus
649 983 761 1065 pulmo
776 991 885 1062 exeat,
907 991 1047 1067 quatuor
1063 974 1158 1048 solidi
1179 1009 1229 1052 su·

110 1089 178 1154 lm
194 1068 583 1233 XXXXIIemSIIIIpiiiiIbss
599 1075 934 1232 {ZTXirildrriiuiblnus
959 1148 1096 1230 exierit,
1132 1081 1235 1223 VIII}

113 1235 204 1298 solid
232 1241 454 1314 componatur.

201 1315 362 1376 LXXXII.
403 1312 469 1394 Qui
493 1311 596 1374 libero
613 1311 738 1374 homini
765 1332 879 1374 manus
902 1311 1068 1396 iniecerit,
1099 1323 1131 1376 et
1155 1337 1230 1380 enm

114 1400 330 1460 innocentem
359 1395 531 1480 ligaverit,
559 1397 631 1463 XV.
663 1395 757 1456 solid.
780 1404 967 1476 componat,
999 1406 1031 1458 et
1057 1397 1237 1463 duodecim·

112 1481 212 1544 solid.
234 1499 293 1560 pro
317 1479 408 1542 Ireda
426 1481 466 1540 ad
490 1488 621 1575 partem
642 1477 738 1560 Regis
765 1487 945 1560 c.ompnnat

200 1561 386 1658 LXXXIII.
428 1561 554 1644 Siquis
581 1559 680 1621 aliam
703 1561 793 1620 incrta
815 1581 933 1640 nquam
955 1563 1117 1622 stantem
1108 1563 1230 1646 impin-

109 1644 221 1724 xerit,
244 1653 276 1708 et
300 1644 335 1704 in
353 1667 488 1728 aquam,
518 1645 563 1706 ita
579 1653 616 1704 ut
635 1642 876 1738 submergatur,
898 1642 1089 1727 proiecerit,
1110 1647 1169 1710 IV.
1181 1670 1237 1709 so·-

109 1729 176 1794 lid.
206 1737 397 1809 componat,
420 1738 452 1789 et
471 1749 536 1824 pro
551 1726 642 1788 freda
665 1725 758 1788 solid.
774 1725 820 1785 Il.

199 1809 382 1874 LXXXIV.
426 1809 553 1892 Siquis
577 1808 746 1870 brachium
760 1809 815 1872 vel
835 1827 948 1870 coxam
968 1808 1103 1871 alterins
1121 1818 1229 1874 trans-

113 1893 289 1977 punxerit,
311 1891 370 1960 VI.
392 1893 484 1955 solid.
506 1900 687 1973 componat.
786 1949 787 1954 ,

200 1975 360 2038 LXXXII.
403 1975 469 2054 Qui
504 1976 650 2038 maxillas
674 1980 825 2057 utrasque
854 1993 929 2034 cum
954 1939 1067 2058 lingua
1096 1973 1227 2058 sagitta,

115 2058 173 2123 vel
196 2058 342 2139 quolibet
364 2059 430 2123 telo
452 2058 666 2136 transfixerit,
689 2056 759 2117 XV.
785 2053 868 2117 solid
890 2067 1072 2138 componat.

201 2141 382 2204 LXXXVI.
423 2141 489 2218 Qui
511 2153 679 2220 utramque
704 2157 818 2200 coxam
839 2159 910 2198 cum
927 2140 1076 2200 folliculo
1093 2140 1238 2203 testium

117 2221 187 2287 telo
204 2223 385 2302 trasecerrt,
418 2223 570 2284 similiter
590 2223 664 2285 XV.
686 2221 779 2282 solid.
801 2231 980 2304 componat

201 2306 386 2372 LXXXVII.
428 2306 463 2366 si
490 2305 563 2387 quis
586 2303 752 2365 hominem
783 2323 859 2364 casu
883 2303 1064 2386 quolibet
1055 2325 1088 2364 ιιι
1112 2319 1227 2388 aquam

113 2387 302 2472 prolapsum
330 2389 533 2466 liberaverit,
558 2390 615 2453 IV.
636 2387 694 2452 sol.
714 2387 1009 2446 remunerationem
1031 2389 1177 2474 accipiat

198 2469 411 2536 LXXXVIII.
454 2472 487 2531 Si
509 2493 582 2552 qnia
604 2469 739 2530 liberam
760 2469 956 2546 foeminam
986 2478 1019 2530 et
1041 2491 1105 2531 non
1136 2483 1226 2532 suem

112 2547 175 2636 per
202 2554 367 2613 maxillam
389 2554 577 2632 strinxerit,
614 2550 740 2614 duobus
768 2551 862 2662 solid.
891 2513 1079 2635 corriperet,
1108 2555 1165 2620 IV.
1194 2564 1228 2616 et

115 2635 570 2717 ΝΜ.ΜΜ’

198 2719 369 2780 LXXXIX.
412 2720 446 2782 Si
475 2715 702 2801 perverenda
735 2715 806 2778 eins
831 2716 1133 2799 comprehenderit,
1168 2715 1225 2785 IV.

115 2796 211 2863 solid.
232 2809 422 2912 componat,
444 2811 477 2864 et
496 2802 578 2863 duos
598 2800 717 2862 solidos
742 2820 803 2881 pro
829 2800 940 2863 freda.

497 2949 858 3014 EPILOGUS.

163 3063 287 3124 Haec
302 3065 409 3125 omnia
433 3065 472 3127 ad
489 3067 628 3128 liberum
648 3065 813 3128 bominem
834 3064 1018 3146 pertinent,
1040 3063 1225 3132 nobilisre·

116 3164 154 3206 ro
181 3143 321 3208 bominis
329 3149 530 3245 compositio
558 3151 625 3211 sive
657 3150 689 3209 in
711 3149 901 3209 vulneribus
923 3157 956 3220 o)
990 3159 1021 3210 et
1043 3152 1238 3265 percussio

118 3227 230 3305 nibus,
266 3239 298 3290 et
326 3230 359 3289 in
388 3231 556 3309 omnibns,
581 3253 668 3313 qnae
690 3231 837 3315 superins
860 3231 979 3314 scripta
1002 3235 1098 3310 sunt,
1128 3221 1242 3318 tertiai

116 3319 206 3395 parte
236 3311 337 3372 maior
370 3312 519 3374 efficitur.

198 3393 263 3452 Liti
289 3415 367 3456 vero
381 3395 578 3492 compositio
594 3395 663 3457 sire
686 3395 720 3455 in
745 3393 935 3459 vulneribus
959 3405 996 3480 p)
1016 3396 1083 3458 sive
1104 3395 1137 3456 in
1152 3420 1239 3496 per-

33 3557 36 3562 .
117 3474 337 3554 cussionibus,
363 3478 429 3539 sIve
452 3477 779 3556 inmancntionibus,
798 3479 886 3539 etin
909 3477 1239 3562 omnibussuperins'

117 3557 301 3643 descriptis,
328 3560 500 3622 medietate
527 3561 635 3622 minor
656 3571 723 3640 est,
756 3582 852 3644 qnam
873 3559 970 3622 liberi
999 3559 1151 3624 bominis.

187 3689 1133 3816 nnnrr1ossr1nurum.

471 3842 850 3896 ,Vvet-:Mneun

407 3947 496 4017 Tm.
523 3949 553 4025 Ι.
594 3949 651 4018 De
675 3972 763 4042 pace
786 3947 926 4018 faidosi.

195 4059 223 4124 I.
263 4063 366 4125 Homo
386 4063 528 4127 faidosus
548 4087 659 4148 pacem
680 4064 797 4128 habeat
813 4065 848 4126 in
871 4063 1036 4144 Ecclesia,
1067 4064 1102 4126 in
1127 4061 1240 4148 domo,

142 4303 147 4314 Ι
182 4234 348 4320 m)·IIerold.
367 4249 396 4292 et
415 4240 491 4293 Lind.
511 4242 639 4294 tremisse.
716 4239 749 4310 n)
763 4237 841 4292 Lind.
856 4241 936 4292 sieut.
1003 4238 1043 4320 .⁰)
1059 4236 1170 4320 Herold.
1194 4246 1222 4291 et

120 4302 195 4356 Lind.
214 4325 246 4359 ιη
263 4309 431 4364 mutieribus.
470 4312 501 4380 p)
524 4312 600 4366 Lind.
619 4312 681 4366 slve
699 4312 831 4364 mulieris.
860 4307 1219 4364 Heroldwemuumtm.
