2906 5008
214 265 287 344 alt
478 284 581 343 tucis
600 284 876 345 ιιιιιιιιιιοιιιιι
895 291 966 345 τιτ.
988 291 1070 345 ιιιι.

212 428 257 490 rit
278 425 339 490 sibi
361 445 513 521 uxorem,
534 428 563 490 si
586 438 677 524 pater
696 431 765 492 eius
786 449 856 491 eam
877 429 1031 512 requirit,
1053 427 1165 490 reddat
1182 449 1281 505 eam,
1303 437 1336 490 et

215 510 944 656 eumlduagiga'dtdamsillddsssffindodddoidd
970 594 1041 655 viro
1063 600 1189 652 mortua
1217 592 1325 652 fuerit

213 634 385 758 antequam
408 673 465 734 ille
495 615 666 736 mundium
697 684 739 747 z)
762 678 847 758 apud
874 685 996 760 patrem
1029 675 1196 759 adquirat,
1230 639 1339 736 solval

109 795 113 804 ·
213 757 388 839 compatri
412 757 481 817 eius
507 757 751 840 quadringentis
773 757 894 825 solidis.

224 905 228 912 ,
299 842 355 902 111.
397 839 440 900 Et
463 838 490 900 si
523 839 606 902 lilios
639 851 694 900 aut
721 841 802 902 filias
826 843 940 924 genuit
969 850 1043 902 ante
1075 840 1275 916 mundium,
1307 847 1339 898 et
1411 881 1412 894 .

215 943 327 984 omnes
358 920 476 981 mortui
507 922 646 1001 fuerint,
670 945 932 1007 unumquemque
958 944 1033 984 cum
1060 925 1245 1006 weregildo
1279 943 1338 984 suo

216 1012 388 1087 componat
402 1001 488 1087 patri
506 1003 657 1066 feminae.

216 1125 306 1194 Ttr.
316 1123 398 1194 LV.
410 1119 501 1218 (56.)
511 1121 568 1192 De
582 1149 696 1197 uxore
709 1135 853 1196 mortuo
863 1125 994 1194 marito
1007 1125 1082 1194 sine
1094 1122 1180 1192 liliis
1189 1122 1338 1194 relicta.

250 1291 253 1312 ι
296 1251 323 1314 I.
350 1248 400 1310 -Si
429 1249 501 1330 quis
525 1251 608 1313 liber
637 1262 781 1316 mortitus
811 1252 937 1328 fuerit,
971 1261 1003 1312 et
1033 1250 1166 1334 reliquit
1193 1269 1338 1311 uxorem

215 1332 285 1398 sine
313 1332 387 1393 filiis
416 1342 470 1392 aut
497 1333 640 1413 filiabus,
663 1345 695 1396 et
718 1336 758 1396 de
785 1335 842 1397 illa
867 1333 1045 1395 hereditate
1069 1336 1158 1394 exire
1173 1332 1337 1406 voluerit,

215 1416 340 1476 nubere
363 1414 423 1475 sibi
444 1415 508 1475 alio
535 1427 574 1492 a)
598 1417 783 1499 coaequali,
803 1425 955 1498 sequatur
982 1437 1052 1478 eam
1078 1415 1160 1476 dotis
1184 1413 1338 1496 legitima

215 1496 263 1583 b),
280 1505 322 1560 et⁴
336 1497 493 1578 quicquid
515 1508 662 1579 parentes
684 1501 753 1562 eius
780 1500 810 1560 ei
829 1500 972 1581 legitime
987 1496 1217 1580 placitaveriut
1240 1502 1282 1575 c),
1305 1504 1338 1556 et

215 1579 375 1661 quioquid
396 1580 435 1640 de
456 1581 530 1640 sede
553 1591 686 1663 paterna
707 1604 816 1644 secum
839 1581 973 1658 adtulit,
995 1580 1102 1640 omnia
1122 1579 1155 1638 in
1170 1589 1336 1660 potestate
1412 1605 1413 1654 j

216 1662 334 1728 habeat
355 1662 542 1739 auferendi,
565 1664 653 1744 quod
673 1685 737 1724 non
762 1663 986 1741 manducavit,
1008 1672 1063 1722 aut
1084 1661 1336 1724 nourendidit
1412 1655 1413 1672 ¹

298 1745 339 1805 ΙΙ.
380 1742 472 1804 Dotis
498 1744 641 1828 legitima
661 1759 768 1808 autern
789 1745 999 1828 quadraginta
1029 1745 1140 1806 solidis
1167 1742 1213 1810 dl
1257 1765 1335 1802 con-

216 1835 296 1904 stat,
319 1826 427 1888 autin
449 1847 543 1905 auro,
567 1837 623 1889 uut
647 1829 681 1888 in
705 1839 856 1911 argento,
878 1828 984 1888 autin
1008 1827 1194 1912 mancipiis,
1218 1825 1334 1886 autin

215 1909 437 1992 qualicunque
460 1929 494 1969 re
520 1932 617 1992 quam
639 1911 734 1972 habel
755 1913 796 1974 ad
820 1911 971 1972 dandum.

218 2027 307 2098 Τιἰ.
334 2025 436 2096 LVI.
461 2020 575 2119 (57.)
623 2028 682 2098 De
713 2053 757 2098 eo
791 2030 853 2122 qui
884 2027 1042 2119 proximi
1075 2027 1132 2096 sui
1164 2025 1334 2096 defuncti

302 2126 411 2196 uxori
438 2126 514 2194 sine
540 2125 624 2198 filiis
650 2131 797 2198 relictae
822 2129 944 2196 dotem
969 2126 1246 2200 contradixerit.

264 2305 267 2312 .
300 2249 329 2314 I.
369 2251 403 2312 Si
434 2263 539 2314 autem
575 2256 738 2337 proximus
774 2255 880 2316 mariti
921 2255 1067 2316 defuncti
1104 2254 1329 2316 contradicere

216 2336 318 2420 ipsam
351 2334 458 2396 dotem
485 2336 534 2396 illi
565 2339 694 2400 mulieri
722 2337 862 2400 voluerit
888 2339 975 2419 quod
1003 2339 1057 2398 lex
1090 2357 1155 2398 non
1182 2346 1247 2415 est,
1272 2337 1330 2394 illa

217 2427 371 2500 sequatur
386 2439 458 2480 cum
487 2432 684 2482 sacramento
707 2443 779 2483 cum
804 2419 973 2480 nominatis
994 2421 1161 2501 quinque,
1179 2429 1236 2480 aut
1256 2439 1330 2480 oum

217 2511 306 2584 spata
326 2509 425 2560 tracta
443 2521 550 2583 pugna
576 2505 721 2564 duorum.
756 2505 789 2564 Si
812 2512 916 2585 potest
930 2503 1100 2584 adquirere
1121 2512 1175 2561 aut
1198 2523 1260 2583 per
1279 2522 1330 2561 sa·
1413 2496 1414 2521 ¹

220 2593 422 2649 crumentum
445 2595 499 2644 aut
518 2607 576 2665 per
597 2609 757 2669 pugnam,
781 2588 838 2646 illa
857 2587 993 2668 pecunia
1013 2593 1241 2668 postmortem
1263 2605 1330 2644 mu·

218 2666 308 2728 lieris
330 2674 417 2727 retro
448 2687 613 2747 nunquam
637 2680 833 2747 revertatur,
864 2668 920 2730 sed
948 2667 1005 2727 ille
1032 2687 1170 2748 sequeus
1195 2669 1331 2728 maritus
1413 2709 1414 2712 ι

217 2758 273 2815 aut
292 2748 351 2809 lilii
375 2749 566 2830 elususque
590 2753 623 2810 in
644 2754 875 2833 sempiternum
894 2749 1086 2830 possideant.
1263 2801 1265 2804 .

302 2833 343 2893 ll.
386 2830 419 2889 Si
443 2827 550 2893 autem'
570 2833 638 2916 ipsa
660 2835 780 2895 femina
807 2833 942 2908 dixerit,
970 2831 1102 2892 Maritus
1127 2851 1216 2891 meua
1241 2828 1331 2891 dedit

218 2913 300 2974 mihi
324 2915 538 3005 morgangcba
568 2923 629 2995 e),
658 2925 822 2998 computet
838 2916 886 2995 s)
909 2924 1066 2995 quantum
1094 2915 1180 2977 valet
1210 2923 1266 2971 aut
1299 2911 1331 2968 in

219 3017 298 3056 auro
323 3005 377 3056 aut
401 3015 434 3052 ιιι
453 3007 588 3078 argento
607 3009 663 3058 aut
684 3000 718 3059 in
739 2997 907 3078 mancipiis
928 3006 983 3057 aut
1003 2996 1036 3054 in
1054 3017 1139 3077 equo
1159 2994 1331 3076 pecuniam

222 3077 394 3142 duodecim
408 3077 526 3140 solidos
540 3082 709 3146 valentem.
731 3083 824 3142 Tunc
837 3081 932 3140 liceat
946 3078 994 3138 illi
1006 3079 1136 3139 mulieri
1154 3078 1259 3136 iurare
1274 3094 1332 3158 per

216 3169 331 3240 pectus
346 3179 450 3236 suum,
463 3171 495 3220 et
508 3162 611 3223 dicat-2
635 3165 731 3240 Quod
743 3162 872 3223 maritus
887 3183 975 3222 meus
986 3160 1064 3220 mihi
1076 3161 1164 3222 dedit
1174 3159 1206 3218 in
1226 3168 1329 3238 potes·

216 3249 294 3316 tate,
306 3250 338 3299 ct
356 3262 416 3321 ego
430 3244 590 3322 possidere
605 3246 717 3310 debeo.
738 3249 806 3307 Hoc
824 3247 935 3308 dicunt
950 3243 1120 3304 Alamanni
1136 3241 1273 3304 nastahit
1287 3245 1325 3319 g).

218 3356 307 3426 TIT·
333 3357 449 3427 LVII·
478 3363 569 3458 (58.)
591 3363 647 3430 De
662 3365 863 3434 hereditate
877 3365 1210 3432 duarumsororum
1236 3379 1325 3452 quae

228 3457 376 3548 ‘absquo
411 3455 583 3531 fratribus
605 3475 684 3554 post
709 3477 863 3534 mortem
896 3463 1008 3554 patris
1035 3462 1183 3530 relictae
1206 3470 1300 3527 sunt.

301 3583 336 3644 Si
356 3593 461 3644 autem
488 3582 568 3645 duae
594 3606 718 3646 sorores
741 3586 860 3665 absque
883 3586 980 3646 fratre
997 3582 1130 3644 relictae
1153 3590 1223 3662 post
1245 3598 1326 3638 mor·

219 3676 284 3728 tem
301 3668 398 3748 patris
422 3667 564 3744 suerint,
588 3677 621 3727 et
643 3668 683 3728 ad
701 3667 783 3748 ipsas
804 3667 966 3726 hereditas
986 3675 1119 3749 paterna
1143 3666 1187 3737 la)
1207 3663 1325 3744 pertin·

219 3761 289 3835 gat,
312 3761 423 3811 cluna
442 3751 587 3832 nupserit
606 3749 667 3811 sibi
685 3751 850 3833 coaequali
869 3750 987 3826 libero,
1009 3748 1071 3808 alia
1089 3756 1198 3806 autem
1214 3763 1325 3828 nupse-

227 3894 354 3908 mnu-n—

260 3918 261 3926 ’
284 3938 317 4004 2)
334 3937 376 3988 ιι.
395 3937 443 3988 un
461 3937 582 3991 taunaco.
637 3937 679 4009 a)
695 3939 747 3990 ιιι.
768 3947 796 3991 et
819 3937 899 3990 Lina.
919 3939 972 3990 aut
988 3938 1049 3990 snt
1104 3939 1136 4008 a)
1155 3938 1264 3991 neon.
1279 3935 1324 3987 a„

210 4006 1322 4078 IQMmc)QMdWmmnd)fflffimctfflffldmmm

211 4075 1324 4150 OEfflfflafflfflmfflfflwfflufssmmmnffiffi

208 4152 281 4198 taan-
301 4144 416 4198 uestaid
436 4148 505 4205 Cod.
525 4149 585 4216 Reg.
610 4148 697 4202 Helm.
729 4157 758 4200 et
785 4149 893 4202 llerold.
933 4149 1064 4204 nesciuit.
1094 4150 1170 4203 Idem
1189 4145 1218 4201 iu
1242 4161 1322 4211 marg·

103 4214 106 4221 ’
212 4215 382 4269 mmmm
