<?xml version="1.0" encoding="UTF-8"?>
<!DOCTYPE html PUBLIC "-//W3C//DTD XHTML 1.0 Transitional//EN"
    "http://www.w3.org/TR/xhtml1/DTD/xhtml1-transitional.dtd">
<html xmlns="http://www.w3.org/1999/xhtml" xml:lang="en" lang="en">
 <head>
  <title>
</title>
<meta http-equiv="Content-Type" content="text/html;charset=utf-8" />
  <meta name='ocr-system' content='tesseract 3.04.00' />
  <meta name='ocr-capabilities' content='ocr_page ocr_carea ocr_par ocr_line ocrx_word'/>
</head>
<body>
  <div class='ocr_page' id='page_1' title='image "./corpusiurisgerm02visigoog/corpusiurisgerm02visigoog_0038.png"; bbox 0 0 2826 4998; ppageno 0'>
   <div class='ocr_carea' id='block_1_1' title="bbox 410 349 1205 422">
    <p class='ocr_par' dir='ltr' id='par_1_1' title="bbox 410 349 1205 422">
     <span class='ocr_line' id='line_1_1' title="bbox 410 349 1205 422; baseline 0.016 -14"><span class='ocrx_word' id='word_1_1' title='bbox 410 355 516 410; x_wconf 75' lang='lat' dir='ltr'><strong>mois</strong></span> <span class='ocrx_word' id='word_1_2' title='bbox 537 355 682 410; x_wconf 72' lang='lat' dir='ltr'><strong>sameas.</strong></span> <span class='ocrx_word' id='word_1_3' title='bbox 703 355 775 411; x_wconf 80' lang='lat' dir='ltr'><strong>rm</strong></span> <span class='ocrx_word' id='word_1_4' title='bbox 795 357 872 417; x_wconf 80' lang='lat' dir='ltr'>v111.</span> <span class='ocrx_word' id='word_1_5' title='bbox 1158 349 1205 422; x_wconf 87' lang='lat'><strong>17</strong></span> 
     </span>
    </p>
   </div>
   <div class='ocr_carea' id='block_1_2' title="bbox 90 493 1205 2960">
    <p class='ocr_par' dir='ltr' id='par_1_2' title="bbox 101 493 1205 1071">
     <span class='ocr_line' id='line_1_2' title="bbox 104 493 1203 590; baseline 0.01 -35"><span class='ocrx_word' id='word_1_6' title='bbox 104 495 198 574; x_wconf 80' lang='lat' dir='ltr'><strong>dete)</strong></span> <span class='ocrx_word' id='word_1_7' title='bbox 213 495 353 556; x_wconf 86' lang='lat' dir='ltr'>MDCCC</span> <span class='ocrx_word' id='word_1_8' title='bbox 374 495 429 576; x_wconf 88' lang='lat' dir='ltr'><strong>qni</strong></span> <span class='ocrx_word' id='word_1_9' title='bbox 444 493 569 555; x_wconf 83' lang='lat' dir='ltr'><strong>faciunt</strong></span> <span class='ocrx_word' id='word_1_10' title='bbox 595 495 689 557; x_wconf 87' lang='lat' dir='ltr'><strong>solid.</strong></span> <span class='ocrx_word' id='word_1_11' title='bbox 716 495 773 576; x_wconf 86' lang='lat' dir='ltr'><strong>qui</strong></span> <span class='ocrx_word' id='word_1_12' title='bbox 788 496 911 559; x_wconf 83' lang='lat' dir='ltr'><strong>faciunt</strong></span> <span class='ocrx_word' id='word_1_13' title='bbox 927 498 985 565; x_wconf 84' lang='lat' dir='ltr'><strong>sol.</strong></span> <span class='ocrx_word' id='word_1_14' title='bbox 1006 499 1102 565; x_wconf 87' lang='lat' dir='ltr'><strong>XLV.</strong></span> <span class='ocrx_word' id='word_1_15' title='bbox 1118 503 1203 590; x_wconf 78' lang='lat' dir='ltr'><strong>culp.</strong></span> 
     </span>
     <span class='ocr_line' id='line_1_3' title="bbox 104 575 1072 674; baseline 0.008 -35"><span class='ocrx_word' id='word_1_16' title='bbox 104 578 203 674; x_wconf 88' lang='lat' dir='ltr'><strong>XLV.</strong></span> <span class='ocrx_word' id='word_1_17' title='bbox 222 576 389 658; x_wconf 84' lang='lat' dir='ltr'><strong>culpabiiis</strong></span> <span class='ocrx_word' id='word_1_18' title='bbox 411 576 589 655; x_wconf 82' lang='lat' dir='ltr'><strong>iudicetur,</strong></span> <span class='ocrx_word' id='word_1_19' title='bbox 619 600 687 640; x_wconf 81' lang='lat' dir='ltr'><strong>cxc.</strong></span> <span class='ocrx_word' id='word_1_20' title='bbox 715 575 781 639; x_wconf 86' lang='lat' dir='ltr'><strong>iud.</strong></span> <span class='ocrx_word' id='word_1_21' title='bbox 801 600 869 645; x_wconf 83' lang='lat' dir='ltr'><strong>exc.</strong></span> <span class='ocrx_word' id='word_1_22' title='bbox 884 602 952 663; x_wconf 68' lang='lat' dir='ltr'><strong>cap,</strong></span> <span class='ocrx_word' id='word_1_23' title='bbox 969 591 1001 642; x_wconf 86' lang='lat' dir='ltr'><strong>et</strong></span> <span class='ocrx_word' id='word_1_24' title='bbox 1017 583 1072 647; x_wconf 85' lang='lat' dir='ltr'><strong>dil.</strong></span> 
     </span>
     <span class='ocr_line' id='line_1_4' title="bbox 104 659 1204 830; baseline 0.003 -28"><span class='ocrx_word' id='word_1_25' title='bbox 104 659 583 823; x_wconf 44' lang='lat' dir='ltr'><strong>caIVIleSeiqdriisatSugiiuarium</strong></span> <span class='ocrx_word' id='word_1_26' title='bbox 604 742 688 802; x_wconf 87' lang='lat' dir='ltr'><strong>fura·</strong></span> <span class='ocrx_word' id='word_1_27' title='bbox 755 739 814 807; x_wconf 92' lang='lat' dir='ltr'>IV.</span> <span class='ocrx_word' id='word_1_28' title='bbox 857 743 889 803; x_wconf 92' lang='lat' dir='ltr'><strong>Si</strong></span> <span class='ocrx_word' id='word_1_29' title='bbox 907 744 979 825; x_wconf 84' lang='lat' dir='ltr'><strong>quis</strong></span> <span class='ocrx_word' id='word_1_30' title='bbox 1006 751 1204 830; x_wconf 70' lang='lat' dir='ltr'><strong>sparum-ium</strong></span> 
     </span>
     <span class='ocr_line' id='line_1_5' title="bbox 103 819 1205 913; baseline -0.001 -28"><span class='ocrx_word' id='word_1_31' title='bbox 103 825 201 900; x_wconf 82' lang='lat' dir='ltr'><strong>verit,</strong></span> <span class='ocrx_word' id='word_1_32' title='bbox 220 823 329 907; x_wconf 72' lang='lat' dir='ltr'><strong>(mia.</strong></span> <span class='ocrx_word' id='word_1_33' title='bbox 344 819 491 904; x_wconf 83' lang='lat' dir='ltr'><strong>Succlin)</strong></span> <span class='ocrx_word' id='word_1_34' title='bbox 508 825 602 889; x_wconf 88' lang='lat' dir='ltr'>CXX.</span> <span class='ocrx_word' id='word_1_35' title='bbox 614 824 687 884; x_wconf 85' lang='lat' dir='ltr'><strong>den.</strong></span> <span class='ocrx_word' id='word_1_36' title='bbox 714 823 882 903; x_wconf 69' lang='lat' dir='ltr'><strong>sumserit,</strong></span> <span class='ocrx_word' id='word_1_37' title='bbox 897 827 990 894; x_wconf 87' lang='lat' dir='ltr'>CXX.</span> <span class='ocrx_word' id='word_1_38' title='bbox 1005 830 1077 897; x_wconf 86' lang='lat' dir='ltr'><strong>den.</strong></span> <span class='ocrx_word' id='word_1_39' title='bbox 1088 836 1145 913; x_wconf 86' lang='lat' dir='ltr'><strong>qui</strong></span> <span class='ocrx_word' id='word_1_40' title='bbox 1160 836 1205 896; x_wconf 68' lang='lat' dir='ltr'><strong>sa.</strong></span> 
     </span>
     <span class='ocr_line' id='line_1_6' title="bbox 102 906 1193 995; baseline 0.007 -29"><span class='ocrx_word' id='word_1_41' title='bbox 102 908 160 989; x_wconf 90' lang='lat' dir='ltr'><strong>qui</strong></span> <span class='ocrx_word' id='word_1_42' title='bbox 182 908 306 967; x_wconf 83' lang='lat' dir='ltr'><strong>faciunt</strong></span> <span class='ocrx_word' id='word_1_43' title='bbox 324 907 415 970; x_wconf 91' lang='lat' dir='ltr'><strong>solid.</strong></span> <span class='ocrx_word' id='word_1_44' title='bbox 436 907 493 970; x_wconf 89' lang='lat'>111.</span> <span class='ocrx_word' id='word_1_45' title='bbox 519 907 686 988; x_wconf 79' lang='lat' dir='ltr'><strong>culpabilis</strong></span> <span class='ocrx_word' id='word_1_46' title='bbox 715 906 804 965; x_wconf 84' lang='lat' dir='ltr'><strong>ciunt</strong></span> <span class='ocrx_word' id='word_1_47' title='bbox 817 907 874 972; x_wconf 90' lang='lat' dir='ltr'><strong>sol.</strong></span> <span class='ocrx_word' id='word_1_48' title='bbox 891 908 948 973; x_wconf 91' lang='lat' dir='ltr'>Ill.</span> <span class='ocrx_word' id='word_1_49' title='bbox 961 913 1113 995; x_wconf 83' lang='lat' dir='ltr'><strong>culp.iud</strong></span> <span class='ocrx_word' id='word_1_50' title='bbox 1135 937 1193 979; x_wconf 80' lang='lat' dir='ltr'><strong>exc</strong></span> 
     </span>
     <span class='ocr_line' id='line_1_7' title="bbox 101 988 901 1071; baseline 0 -24"><span class='ocrx_word' id='word_1_51' title='bbox 101 989 277 1067; x_wconf 75' lang='lat' dir='ltr'><strong>iudicetur,</strong></span> <span class='ocrx_word' id='word_1_52' title='bbox 293 996 426 1070; x_wconf 81' lang='lat' dir='ltr'><strong>excepto</strong></span> <span class='ocrx_word' id='word_1_53' title='bbox 442 988 575 1071; x_wconf 84' lang='lat' dir='ltr'><strong>capitale</strong></span> <span class='ocrx_word' id='word_1_54' title='bbox 589 999 621 1050; x_wconf 83' lang='lat' dir='ltr'><strong>ct</strong></span> <span class='ocrx_word' id='word_1_55' title='bbox 635 989 689 1050; x_wconf 87' lang='lat' dir='ltr'><strong>de·</strong></span> <span class='ocrx_word' id='word_1_56' title='bbox 715 1008 782 1071; x_wconf 85' lang='lat' dir='ltr'><strong>cap.</strong></span> <span class='ocrx_word' id='word_1_57' title='bbox 799 997 831 1049; x_wconf 89' lang='lat' dir='ltr'><strong>et</strong></span> <span class='ocrx_word' id='word_1_58' title='bbox 846 989 901 1056; x_wconf 90' lang='lat' dir='ltr'><strong>dil.</strong></span> 
     </span>
    </p>

    <p class='ocr_par' dir='ltr' id='par_1_3' title="bbox 101 1071 220 1136">
     <span class='ocr_line' id='line_1_8' title="bbox 101 1071 220 1136; baseline 0 -6"><span class='ocrx_word' id='word_1_59' title='bbox 101 1071 220 1136; x_wconf 82' lang='lat' dir='ltr'><strong>latura.</strong></span> 
     </span>
    </p>

    <p class='ocr_par' dir='ltr' id='par_1_4' title="bbox 99 1147 1205 1560">
     <span class='ocr_line' id='line_1_9' title="bbox 145 1147 1205 1235; baseline 0.002 -23"><span class='ocrx_word' id='word_1_60' title='bbox 145 1152 184 1213; x_wconf 91' lang='lat' dir='ltr'><strong>V.</strong></span> <span class='ocrx_word' id='word_1_61' title='bbox 228 1153 261 1214; x_wconf 85' lang='lat' dir='ltr'><strong>Si</strong></span> <span class='ocrx_word' id='word_1_62' title='bbox 279 1152 350 1234; x_wconf 87' lang='lat' dir='ltr'><strong>quis</strong></span> <span class='ocrx_word' id='word_1_63' title='bbox 376 1151 495 1234; x_wconf 83' lang='lat' dir='ltr'><strong>gall-um</strong></span> <span class='ocrx_word' id='word_1_64' title='bbox 520 1151 686 1229; x_wconf 80' lang='lat' dir='ltr'><strong>furaverit,</strong></span> <span class='ocrx_word' id='word_1_65' title='bbox 755 1147 797 1211; x_wconf 89' lang='lat' dir='ltr'><strong>V.</strong></span> <span class='ocrx_word' id='word_1_66' title='bbox 840 1151 961 1235; x_wconf 84' lang='lat' dir='ltr'>Siquis</span> <span class='ocrx_word' id='word_1_67' title='bbox 979 1176 1125 1221; x_wconf 82' lang='lat' dir='ltr'>anserem</span> <span class='ocrx_word' id='word_1_68' title='bbox 1149 1161 1205 1224; x_wconf 90' lang='lat' dir='ltr'><strong>do.</strong></span> 
     </span>
     <span class='ocr_line' id='line_1_10' title="bbox 103 1232 1204 1316; baseline 0 -22"><span class='ocrx_word' id='word_1_69' title='bbox 103 1242 219 1308; x_wconf 73' lang='lat' dir='ltr'><strong>(arsis.</strong></span> <span class='ocrx_word' id='word_1_70' title='bbox 243 1232 478 1304; x_wconf 74' lang='lat' dir='ltr'><strong>Chanaswido)</strong></span> <span class='ocrx_word' id='word_1_71' title='bbox 501 1234 596 1298; x_wconf 87' lang='lat' dir='ltr'>CXX.</span> <span class='ocrx_word' id='word_1_72' title='bbox 612 1234 685 1300; x_wconf 87' lang='lat' dir='ltr'><strong>den.</strong></span> <span class='ocrx_word' id='word_1_73' title='bbox 713 1233 880 1293; x_wconf 83' lang='lat' dir='ltr'><strong>mesticum</strong></span> <span class='ocrx_word' id='word_1_74' title='bbox 894 1245 948 1295; x_wconf 83' lang='lat' dir='ltr'><strong>aut</strong></span> <span class='ocrx_word' id='word_1_75' title='bbox 967 1249 1091 1300; x_wconf 83' lang='lat' dir='ltr'>anetam</span> <span class='ocrx_word' id='word_1_76' title='bbox 1105 1247 1204 1316; x_wconf 77' lang='lat' dir='ltr'><strong>anu.</strong></span> 
     </span>
     <span class='ocr_line' id='line_1_11' title="bbox 102 1314 1203 1405; baseline 0.006 -29"><span class='ocrx_word' id='word_1_77' title='bbox 102 1318 160 1396; x_wconf 87' lang='lat' dir='ltr'><strong>qui</strong></span> <span class='ocrx_word' id='word_1_78' title='bbox 177 1317 301 1378; x_wconf 84' lang='lat' dir='ltr'><strong>faciunt</strong></span> <span class='ocrx_word' id='word_1_79' title='bbox 309 1318 365 1380; x_wconf 90' lang='lat' dir='ltr'><strong>sol.</strong></span> <span class='ocrx_word' id='word_1_80' title='bbox 376 1315 431 1374; x_wconf 85' lang='grc' dir='ltr'><strong>ΙΙΙ.</strong></span> <span class='ocrx_word' id='word_1_81' title='bbox 447 1314 616 1395; x_wconf 83' lang='lat' dir='ltr'><strong>culpabilis</strong></span> <span class='ocrx_word' id='word_1_82' title='bbox 635 1317 687 1376; x_wconf 90' lang='lat' dir='ltr'><strong>iu·</strong></span> <span class='ocrx_word' id='word_1_83' title='bbox 713 1315 842 1392; x_wconf 79' lang='lat' dir='ltr'><strong>raverit,</strong></span> <span class='ocrx_word' id='word_1_84' title='bbox 861 1316 958 1382; x_wconf 86' lang='lat' dir='ltr'><strong>CXX.</strong></span> <span class='ocrx_word' id='word_1_85' title='bbox 978 1320 1050 1386; x_wconf 87' lang='lat' dir='ltr'><strong>den.</strong></span> <span class='ocrx_word' id='word_1_86' title='bbox 1078 1326 1133 1405; x_wconf 86' lang='lat' dir='ltr'><strong>qui</strong></span> <span class='ocrx_word' id='word_1_87' title='bbox 1153 1328 1203 1389; x_wconf 83' lang='lat' dir='ltr'><strong>fa-</strong></span> 
     </span>
     <span class='ocr_line' id='line_1_12' title="bbox 102 1396 1204 1485; baseline 0.002 -27"><span class='ocrx_word' id='word_1_88' title='bbox 102 1399 241 1479; x_wconf 86' lang='lat' dir='ltr'><strong>dicetur,</strong></span> <span class='ocrx_word' id='word_1_89' title='bbox 263 1406 396 1481; x_wconf 79' lang='lat' dir='ltr'><strong>excepto</strong></span> <span class='ocrx_word' id='word_1_90' title='bbox 419 1397 553 1480; x_wconf 85' lang='lat' dir='ltr'><strong>capitale</strong></span> <span class='ocrx_word' id='word_1_91' title='bbox 574 1408 606 1459; x_wconf 83' lang='lat' dir='ltr'><strong>et</strong></span> <span class='ocrx_word' id='word_1_92' title='bbox 628 1396 685 1460; x_wconf 85' lang='lat' dir='ltr'><strong>de·</strong></span> <span class='ocrx_word' id='word_1_93' title='bbox 714 1397 804 1457; x_wconf 81' lang='lat' dir='ltr'><strong>ciunt</strong></span> <span class='ocrx_word' id='word_1_94' title='bbox 818 1400 865 1459; x_wconf 88' lang='lat' dir='ltr'><strong>sol</strong></span> <span class='ocrx_word' id='word_1_95' title='bbox 887 1401 944 1460; x_wconf 87' lang='lat' dir='ltr'>III.</span> <span class='ocrx_word' id='word_1_96' title='bbox 964 1403 1050 1485; x_wconf 81' lang='lat' dir='ltr'><strong>culp.</strong></span> <span class='ocrx_word' id='word_1_97' title='bbox 1068 1404 1134 1473; x_wconf 89' lang='lat' dir='ltr'>iu-d.</span> <span class='ocrx_word' id='word_1_98' title='bbox 1150 1431 1204 1471; x_wconf 85' lang='lat' dir='ltr'><strong>ex.</strong></span> 
     </span>
     <span class='ocr_line' id='line_1_13' title="bbox 99 1481 1030 1560; baseline 0.003 -21"><span class='ocrx_word' id='word_1_99' title='bbox 99 1481 216 1541; x_wconf 85' lang='lat' dir='ltr'><strong>latura.</strong></span> <span class='ocrx_word' id='word_1_100' title='bbox 714 1488 807 1560; x_wconf 79' lang='lat' dir='ltr'><strong>cepto</strong></span> <span class='ocrx_word' id='word_1_101' title='bbox 829 1501 896 1560; x_wconf 84' lang='lat' dir='ltr'><strong>cap.</strong></span> <span class='ocrx_word' id='word_1_102' title='bbox 919 1490 951 1542; x_wconf 88' lang='lat' dir='ltr'><strong>et</strong></span> <span class='ocrx_word' id='word_1_103' title='bbox 974 1484 1030 1549; x_wconf 83' lang='lat' dir='ltr'><strong>dii.</strong></span> 
     </span>
    </p>

    <p class='ocr_par' dir='ltr' id='par_1_5' title="bbox 98 1560 1204 1977">
     <span class='ocr_line' id='line_1_14' title="bbox 140 1560 1203 1648; baseline 0.008 -23"><span class='ocrx_word' id='word_1_104' title='bbox 140 1565 198 1628; x_wconf 92' lang='lat' dir='ltr'>VI.</span> <span class='ocrx_word' id='word_1_105' title='bbox 241 1561 275 1624; x_wconf 88' lang='lat' dir='ltr'><strong>Si</strong></span> <span class='ocrx_word' id='word_1_106' title='bbox 302 1561 375 1643; x_wconf 87' lang='lat' dir='ltr'><strong>quis</strong></span> <span class='ocrx_word' id='word_1_107' title='bbox 401 1581 544 1622; x_wconf 80' lang='lat' dir='ltr'><strong>anserem</strong></span> <span class='ocrx_word' id='word_1_108' title='bbox 567 1573 622 1624; x_wconf 87' lang='lat' dir='ltr'><strong>aut</strong></span> <span class='ocrx_word' id='word_1_109' title='bbox 650 1584 684 1621; x_wconf 88' lang='lat' dir='ltr'><strong>a·</strong></span> <span class='ocrx_word' id='word_1_110' title='bbox 753 1560 812 1627; x_wconf 89' lang='lat' dir='ltr'>VI.</span> <span class='ocrx_word' id='word_1_111' title='bbox 854 1563 1203 1648; x_wconf 75' lang='lat' dir='ltr'><strong>Siquisgallumojcut</strong></span> 
     </span>
     <span class='ocr_line' id='line_1_15' title="bbox 102 1642 1204 1738; baseline 0.005 -35"><span class='ocrx_word' id='word_1_112' title='bbox 102 1655 210 1705; x_wconf 79' lang='lat' dir='ltr'><strong>natam</strong></span> <span class='ocrx_word' id='word_1_113' title='bbox 253 1642 457 1705; x_wconf 84' lang='lat' dir='ltr'><strong>domesticam</strong></span> <span class='ocrx_word' id='word_1_114' title='bbox 501 1644 686 1722; x_wconf 83' lang='lat' dir='ltr'><strong>furaverit,</strong></span> <span class='ocrx_word' id='word_1_115' title='bbox 715 1643 866 1725; x_wconf 83' lang='lat' dir='ltr'><strong>gallinam</strong></span> <span class='ocrx_word' id='word_1_116' title='bbox 883 1646 1049 1726; x_wconf 81' lang='lat' dir='ltr'><strong>furaverit,</strong></span> <span class='ocrx_word' id='word_1_117' title='bbox 1062 1653 1115 1712; x_wconf 87' lang='lat' dir='ltr'><strong>vel</strong></span> <span class='ocrx_word' id='word_1_118' title='bbox 1131 1675 1169 1738; x_wconf 79' lang='lat' dir='ltr'><strong>cy</strong></span> <span class='ocrx_word' id='word_1_119' title='bbox 1190 1689 1204 1708; x_wconf 77' lang='lat'>.</span> 
     </span>
     <span class='ocr_line' id='line_1_16' title="bbox 99 1724 1202 1808; baseline -0.001 -20"><span class='ocrx_word' id='word_1_120' title='bbox 99 1724 216 1808; x_wconf 75' lang='lat' dir='ltr'><strong>(mara.</strong></span> <span class='ocrx_word' id='word_1_121' title='bbox 234 1727 416 1791; x_wconf 81' lang='lat' dir='ltr'><strong>Sundleno)</strong></span> <span class='ocrx_word' id='word_1_122' title='bbox 434 1727 530 1789; x_wconf 87' lang='lat' dir='ltr'><strong>CXX.</strong></span> <span class='ocrx_word' id='word_1_123' title='bbox 549 1727 685 1808; x_wconf 89' lang='lat' dir='ltr'><strong>dcn.qui</strong></span> <span class='ocrx_word' id='word_1_124' title='bbox 714 1747 792 1784; x_wconf 91' lang='lat' dir='ltr'><strong>num</strong></span> <span class='ocrx_word' id='word_1_125' title='bbox 822 1737 877 1787; x_wconf 82' lang='lat' dir='ltr'><strong>aut</strong></span> <span class='ocrx_word' id='word_1_126' title='bbox 907 1749 1017 1806; x_wconf 78' lang='lat' dir='ltr'><strong>gruum</strong></span> <span class='ocrx_word' id='word_1_127' title='bbox 1048 1731 1202 1798; x_wconf 74' lang='lat' dir='ltr'><strong>domesti-</strong></span> 
     </span>
     <span class='ocr_line' id='line_1_17' title="bbox 98 1806 1202 1896; baseline -0.003 -26"><span class='ocrx_word' id='word_1_128' title='bbox 98 1810 223 1870; x_wconf 84' lang='lat' dir='ltr'><strong>faciunt</strong></span> <span class='ocrx_word' id='word_1_129' title='bbox 235 1809 292 1873; x_wconf 87' lang='lat' dir='ltr'><strong>sol.</strong></span> <span class='ocrx_word' id='word_1_130' title='bbox 310 1809 365 1872; x_wconf 89' lang='lat'>111.</span> <span class='ocrx_word' id='word_1_131' title='bbox 383 1806 551 1888; x_wconf 82' lang='lat' dir='ltr'><strong>culpabilis</strong></span> <span class='ocrx_word' id='word_1_132' title='bbox 566 1808 687 1869; x_wconf 89' lang='lat' dir='ltr'><strong>iudice·</strong></span> <span class='ocrx_word' id='word_1_133' title='bbox 713 1813 845 1891; x_wconf 85' lang='lat' dir='ltr'><strong>camp),</strong></span> <span class='ocrx_word' id='word_1_134' title='bbox 869 1811 963 1876; x_wconf 91' lang='lat' dir='ltr'>CXX.</span> <span class='ocrx_word' id='word_1_135' title='bbox 983 1812 1056 1874; x_wconf 87' lang='lat' dir='ltr'><strong>den.</strong></span> <span class='ocrx_word' id='word_1_136' title='bbox 1073 1816 1129 1896; x_wconf 83' lang='lat' dir='ltr'><strong>qui</strong></span> <span class='ocrx_word' id='word_1_137' title='bbox 1152 1821 1202 1879; x_wconf 75' lang='lat' dir='ltr'><strong>fa.</strong></span> 
     </span>
     <span class='ocr_line' id='line_1_18' title="bbox 98 1889 1201 1977; baseline 0 -27"><span class='ocrx_word' id='word_1_138' title='bbox 98 1901 162 1970; x_wconf 82' lang='lat' dir='ltr'><strong>tur,</strong></span> <span class='ocrx_word' id='word_1_139' title='bbox 177 1901 310 1975; x_wconf 82' lang='lat' dir='ltr'><strong>excepto</strong></span> <span class='ocrx_word' id='word_1_140' title='bbox 328 1889 462 1971; x_wconf 81' lang='lat' dir='ltr'><strong>capitale</strong></span> <span class='ocrx_word' id='word_1_141' title='bbox 479 1897 511 1950; x_wconf 87' lang='lat' dir='ltr'><strong>et</strong></span> <span class='ocrx_word' id='word_1_142' title='bbox 532 1890 684 1957; x_wconf 78' lang='lat' dir='ltr'><strong>delatura.</strong></span> <span class='ocrx_word' id='word_1_143' title='bbox 713 1891 804 1949; x_wconf 82' lang='lat' dir='ltr'>ciunt</span> <span class='ocrx_word' id='word_1_144' title='bbox 819 1892 877 1952; x_wconf 88' lang='lat' dir='ltr'><strong>sol.</strong></span> <span class='ocrx_word' id='word_1_145' title='bbox 892 1893 948 1957; x_wconf 88' lang='lat'>111.</span> <span class='ocrx_word' id='word_1_146' title='bbox 962 1893 1046 1977; x_wconf 85' lang='lat' dir='ltr'><strong>culp.</strong></span> <span class='ocrx_word' id='word_1_147' title='bbox 1065 1896 1132 1964; x_wconf 86' lang='lat' dir='ltr'><strong>iud.</strong></span> <span class='ocrx_word' id='word_1_148' title='bbox 1147 1921 1201 1964; x_wconf 67' lang='lat' dir='ltr'><strong>ex.</strong></span> 
     </span>
    </p>

    <p class='ocr_par' dir='ltr' id='par_1_6' title="bbox 712 1975 1015 2041">
     <span class='ocr_line' id='line_1_19' title="bbox 712 1975 1015 2041; baseline 0.003 -8"><span class='ocrx_word' id='word_1_149' title='bbox 712 1993 747 2033; x_wconf 92' lang='lat' dir='ltr'><strong>ce</strong></span> <span class='ocrx_word' id='word_1_150' title='bbox 773 1981 804 2032; x_wconf 84' lang='lat' dir='ltr'><strong>to</strong></span> <span class='ocrx_word' id='word_1_151' title='bbox 826 1994 861 2033; x_wconf 87' lang='lat' dir='ltr'><strong>ca</strong></span> <span class='ocrx_word' id='word_1_152' title='bbox 887 1983 945 2040; x_wconf 83' lang='lat' dir='ltr'><strong>,ct</strong></span> <span class='ocrx_word' id='word_1_153' title='bbox 960 1975 1015 2041; x_wconf 88' lang='lat' dir='ltr'><strong>dil.</strong></span> 
     </span>
    </p>

    <p class='ocr_par' dir='ltr' id='par_1_7' title="bbox 94 1994 1200 2470">
     <span class='ocr_line' id='line_1_20' title="bbox 137 1994 1200 2149; baseline 0.011 -36"><span class='ocrx_word' id='word_1_154' title='bbox 137 2055 216 2121; x_wconf 86' lang='lat' dir='ltr'>VII.</span> <span class='ocrx_word' id='word_1_155' title='bbox 259 2054 374 2138; x_wconf 86' lang='lat' dir='ltr'>Siquis</span> <span class='ocrx_word' id='word_1_156' title='bbox 394 2051 543 2134; x_wconf 84' lang='lat' dir='ltr'><strong>gallinam</strong></span> <span class='ocrx_word' id='word_1_157' title='bbox 560 2053 685 2116; x_wconf 79' lang='lat' dir='ltr'><strong>furave-</strong></span> <span class='ocrx_word' id='word_1_158' title='bbox 750 1994 827 2116; x_wconf 82' lang='lat' dir='ltr'><strong>IVII.</strong></span> <span class='ocrx_word' id='word_1_159' title='bbox 864 1997 1200 2149; x_wconf 65' lang='lat' dir='ltr'><strong>¹Ciquisturturemq)</strong></span> 
     </span>
     <span class='ocr_line' id='line_1_21' title="bbox 97 2135 1200 2226; baseline -0.003 -27"><span class='ocrx_word' id='word_1_160' title='bbox 97 2139 159 2215; x_wconf 87' lang='lat' dir='ltr'><strong>rit,</strong></span> <span class='ocrx_word' id='word_1_161' title='bbox 197 2145 307 2216; x_wconf 72' lang='lat' dir='ltr'><strong>(asra.</strong></span> <span class='ocrx_word' id='word_1_162' title='bbox 329 2139 557 2216; x_wconf 83' lang='lat' dir='ltr'><strong>Solampinam)</strong></span> <span class='ocrx_word' id='word_1_163' title='bbox 582 2135 683 2202; x_wconf 84' lang='lat' dir='ltr'>CXX.</span> <span class='ocrx_word' id='word_1_164' title='bbox 713 2135 752 2196; x_wconf 92' lang='lat' dir='ltr'><strong>de</strong></span> <span class='ocrx_word' id='word_1_165' title='bbox 768 2136 828 2198; x_wconf 84' lang='lat' dir='ltr'><strong>reti</strong></span> <span class='ocrx_word' id='word_1_166' title='bbox 847 2138 989 2217; x_wconf 80' lang='lat' dir='ltr'><strong>alterius,</strong></span> <span class='ocrx_word' id='word_1_167' title='bbox 1025 2147 1200 2226; x_wconf 72' lang='lat' dir='ltr'><strong>autquan.</strong></span> 
     </span>
     <span class='ocr_line' id='line_1_22' title="bbox 96 2217 1199 2305; baseline 0.009 -24"><span class='ocrx_word' id='word_1_168' title='bbox 96 2221 171 2286; x_wconf 87' lang='lat' dir='ltr'><strong>den.</strong></span> <span class='ocrx_word' id='word_1_169' title='bbox 190 2222 246 2302; x_wconf 84' lang='lat' dir='ltr'><strong>qui</strong></span> <span class='ocrx_word' id='word_1_170' title='bbox 266 2222 389 2282; x_wconf 84' lang='lat' dir='ltr'><strong>faciunt</strong></span> <span class='ocrx_word' id='word_1_171' title='bbox 410 2220 466 2283; x_wconf 83' lang='lat' dir='ltr'><strong>sol.</strong></span> <span class='ocrx_word' id='word_1_172' title='bbox 491 2218 548 2276; x_wconf 88' lang='lat'>111.</span> <span class='ocrx_word' id='word_1_173' title='bbox 570 2219 682 2299; x_wconf 86' lang='lat' dir='ltr'><strong>culpa·</strong></span> <span class='ocrx_word' id='word_1_174' title='bbox 715 2217 795 2280; x_wconf 83' lang='lat' dir='ltr'><strong>libet</strong></span> <span class='ocrx_word' id='word_1_175' title='bbox 822 2220 979 2281; x_wconf 83' lang='lat' dir='ltr'><strong>aviculam</strong></span> <span class='ocrx_word' id='word_1_176' title='bbox 996 2222 1034 2282; x_wconf 88' lang='lat' dir='ltr'><strong>de</strong></span> <span class='ocrx_word' id='word_1_177' title='bbox 1053 2227 1199 2305; x_wconf 83' lang='lat' dir='ltr'><strong>quolibet</strong></span> 
     </span>
     <span class='ocr_line' id='line_1_23' title="bbox 94 2299 1199 2385; baseline 0.01 -23"><span class='ocrx_word' id='word_1_178' title='bbox 94 2303 170 2364; x_wconf 88' lang='lat' dir='ltr'>bilis</span> <span class='ocrx_word' id='word_1_179' title='bbox 193 2303 364 2379; x_wconf 80' lang='lat' dir='ltr'><strong>iudicetur,</strong></span> <span class='ocrx_word' id='word_1_180' title='bbox 387 2309 520 2382; x_wconf 80' lang='lat' dir='ltr'><strong>excepto</strong></span> <span class='ocrx_word' id='word_1_181' title='bbox 546 2301 680 2383; x_wconf 79' lang='lat' dir='ltr'><strong>capitale</strong></span> <span class='ocrx_word' id='word_1_182' title='bbox 713 2299 830 2380; x_wconf 79' lang='lat' dir='ltr'><strong>laqueo</strong></span> <span class='ocrx_word' id='word_1_183' title='bbox 845 2303 896 2361; x_wconf 76' lang='lat' dir='ltr'><strong>vel</strong></span> <span class='ocrx_word' id='word_1_184' title='bbox 915 2303 1061 2385; x_wconf 86' lang='lat' dir='ltr'><strong>decipula</strong></span> <span class='ocrx_word' id='word_1_185' title='bbox 1076 2309 1199 2374; x_wconf 84' lang='lat' dir='ltr'><strong>furatus</strong></span> 
     </span>
     <span class='ocr_line' id='line_1_24' title="bbox 94 2382 1198 2470; baseline -0.004 -24"><span class='ocrx_word' id='word_1_186' title='bbox 94 2394 126 2446; x_wconf 85' lang='lat' dir='ltr'><strong>et</strong></span> <span class='ocrx_word' id='word_1_187' title='bbox 149 2385 304 2446; x_wconf 80' lang='lat' dir='ltr'><strong>delatura.</strong></span> <span class='ocrx_word' id='word_1_188' title='bbox 492 2425 508 2452; x_wconf 67' lang='lat'>.</span> <span class='ocrx_word' id='word_1_189' title='bbox 576 2453 577 2460; x_wconf 8' lang='grc' dir='ltr'>ἵ</span> <span class='ocrx_word' id='word_1_190' title='bbox 713 2382 829 2460; x_wconf 83' lang='lat' dir='ltr'><strong>suerit,</strong></span> <span class='ocrx_word' id='word_1_191' title='bbox 853 2384 948 2446; x_wconf 86' lang='lat' dir='ltr'>CXX.</span> <span class='ocrx_word' id='word_1_192' title='bbox 976 2386 1048 2452; x_wconf 91' lang='lat' dir='ltr'><strong>den.</strong></span> <span class='ocrx_word' id='word_1_193' title='bbox 1074 2391 1129 2470; x_wconf 85' lang='lat' dir='ltr'><strong>qui</strong></span> <span class='ocrx_word' id='word_1_194' title='bbox 1148 2394 1198 2453; x_wconf 67' lang='lat' dir='ltr'><strong>fa.</strong></span> 
     </span>
    </p>

    <p class='ocr_par' dir='ltr' id='par_1_8' title="bbox 714 2463 1198 2550">
     <span class='ocr_line' id='line_1_25' title="bbox 714 2463 1198 2550; baseline 0.002 -28"><span class='ocrx_word' id='word_1_195' title='bbox 714 2463 804 2523; x_wconf 84' lang='lat' dir='ltr'><strong>ciunt</strong></span> <span class='ocrx_word' id='word_1_196' title='bbox 819 2465 875 2525; x_wconf 90' lang='lat' dir='ltr'><strong>sol.</strong></span> <span class='ocrx_word' id='word_1_197' title='bbox 894 2467 949 2527; x_wconf 90' lang='lat'>111.</span> <span class='ocrx_word' id='word_1_198' title='bbox 963 2467 1048 2550; x_wconf 86' lang='lat' dir='ltr'><strong>culp.</strong></span> <span class='ocrx_word' id='word_1_199' title='bbox 1067 2469 1132 2538; x_wconf 88' lang='lat' dir='ltr'><strong>iud.</strong></span> <span class='ocrx_word' id='word_1_200' title='bbox 1144 2495 1198 2537; x_wconf 83' lang='lat' dir='ltr'><strong>cx.</strong></span> 
     </span>
    </p>

    <p class='ocr_par' dir='ltr' id='par_1_9' title="bbox 91 2545 1015 2713">
     <span class='ocr_line' id='line_1_26' title="bbox 135 2545 1015 2630; baseline 0.006 -23"><span class='ocrx_word' id='word_1_201' title='bbox 135 2545 233 2613; x_wconf 86' lang='lat' dir='ltr'>VIII.</span> <span class='ocrx_word' id='word_1_202' title='bbox 275 2546 309 2606; x_wconf 87' lang='lat' dir='ltr'><strong>si</strong></span> <span class='ocrx_word' id='word_1_203' title='bbox 342 2546 414 2626; x_wconf 84' lang='lat' dir='ltr'><strong>quis</strong></span> <span class='ocrx_word' id='word_1_204' title='bbox 448 2555 606 2610; x_wconf 86' lang='lat' dir='ltr'><strong>turturem</strong></span> <span class='ocrx_word' id='word_1_205' title='bbox 640 2547 679 2608; x_wconf 88' lang='lat' dir='ltr'><strong>de</strong></span> <span class='ocrx_word' id='word_1_206' title='bbox 712 2555 804 2629; x_wconf 80' lang='lat' dir='ltr'><strong>cepto</strong></span> <span class='ocrx_word' id='word_1_207' title='bbox 824 2568 890 2630; x_wconf 84' lang='lat' dir='ltr'><strong>cap.</strong></span> <span class='ocrx_word' id='word_1_208' title='bbox 909 2557 942 2609; x_wconf 88' lang='lat' dir='ltr'><strong>et</strong></span> <span class='ocrx_word' id='word_1_209' title='bbox 958 2546 1015 2612; x_wconf 88' lang='lat' dir='ltr'><strong>dil.</strong></span> 
     </span>
     <span class='ocr_line' id='line_1_27' title="bbox 91 2628 679 2713; baseline -0.005 -22"><span class='ocrx_word' id='word_1_210' title='bbox 91 2643 207 2713; x_wconf 85' lang='lat' dir='ltr'><strong>trappa</strong></span> <span class='ocrx_word' id='word_1_211' title='bbox 226 2628 394 2705; x_wconf 81' lang='lat' dir='ltr'><strong>furaverit,</strong></span> <span class='ocrx_word' id='word_1_212' title='bbox 411 2633 517 2704; x_wconf 74' lang='lat' dir='ltr'><strong>(araas.</strong></span> <span class='ocrx_word' id='word_1_213' title='bbox 535 2629 679 2709; x_wconf 81' lang='lat' dir='ltr'><strong>Acfulla)</strong></span> 
     </span>
    </p>

    <p class='ocr_par' dir='ltr' id='par_1_10' title="bbox 90 2711 679 2960">
     <span class='ocr_line' id='line_1_28' title="bbox 91 2711 679 2792; baseline 0 -19"><span class='ocrx_word' id='word_1_214' title='bbox 91 2715 160 2777; x_wconf 89' lang='lat' dir='ltr'>DC.</span> <span class='ocrx_word' id='word_1_215' title='bbox 189 2711 262 2777; x_wconf 73' lang='lat' dir='ltr'><strong>den.</strong></span> <span class='ocrx_word' id='word_1_216' title='bbox 288 2711 344 2792; x_wconf 87' lang='lat' dir='ltr'><strong>qui</strong></span> <span class='ocrx_word' id='word_1_217' title='bbox 368 2711 492 2783; x_wconf 72' lang='lat' dir='ltr'><strong>faciunt</strong></span> <span class='ocrx_word' id='word_1_218' title='bbox 519 2714 575 2776; x_wconf 87' lang='lat' dir='ltr'><strong>sol.</strong></span> <span class='ocrx_word' id='word_1_219' title='bbox 608 2713 679 2775; x_wconf 91' lang='lat' dir='ltr'><strong>XV.</strong></span> 
     </span>
     <span class='ocr_line' id='line_1_29' title="bbox 92 2791 678 2878; baseline -0.003 -23"><span class='ocrx_word' id='word_1_220' title='bbox 92 2793 266 2876; x_wconf 87' lang='lat' dir='ltr'><strong>culpabilis</strong></span> <span class='ocrx_word' id='word_1_221' title='bbox 291 2791 453 2854; x_wconf 82' lang='lat' dir='ltr'><strong>iudicetur</strong></span> <span class='ocrx_word' id='word_1_222' title='bbox 469 2804 603 2878; x_wconf 76' lang='lat' dir='ltr'><strong>excepto</strong></span> <span class='ocrx_word' id='word_1_223' title='bbox 625 2813 678 2854; x_wconf 81' lang='lat' dir='ltr'><strong>ca-</strong></span> 
     </span>
     <span class='ocr_line' id='line_1_30' title="bbox 90 2876 408 2960; baseline 0.016 -25"><span class='ocrx_word' id='word_1_224' title='bbox 90 2877 194 2960; x_wconf 86' lang='lat' dir='ltr'><strong>pitale</strong></span> <span class='ocrx_word' id='word_1_225' title='bbox 210 2885 241 2936; x_wconf 85' lang='lat' dir='ltr'><strong>et</strong></span> <span class='ocrx_word' id='word_1_226' title='bbox 255 2876 408 2940; x_wconf 84' lang='lat' dir='ltr'><strong>delatura.</strong></span> 
     </span>
    </p>
   </div>
   <div class='ocr_carea' id='block_1_3' title="bbox 162 3019 1178 3102">
    <p class='ocr_par' dir='ltr' id='par_1_11' title="bbox 162 3019 1178 3102">
     <span class='ocr_line' id='line_1_31' title="bbox 162 3019 1178 3102; baseline 0.009 -14"><span class='ocrx_word' id='word_1_227' title='bbox 162 3026 256 3102; x_wconf 69' lang='lat' dir='ltr'><strong>Tyr.</strong></span> <span class='ocrx_word' id='word_1_228' title='bbox 280 3024 383 3096; x_wconf 91' lang='lat' dir='ltr'>VIII.</span> <span class='ocrx_word' id='word_1_229' title='bbox 433 3026 491 3096; x_wconf 83' lang='lat' dir='ltr'><strong>De</strong></span> <span class='ocrx_word' id='word_1_230' title='bbox 512 3024 618 3096; x_wconf 74' lang='lat' dir='ltr'><strong>furtis</strong></span> <span class='ocrx_word' id='word_1_231' title='bbox 729 3019 818 3090; x_wconf 80' lang='grc' dir='ltr'><strong>ΤΙΤ.</strong></span> <span class='ocrx_word' id='word_1_232' title='bbox 843 3020 946 3092; x_wconf 90' lang='lat' dir='ltr'>VIII.</span> <span class='ocrx_word' id='word_1_233' title='bbox 998 3022 1054 3093; x_wconf 81' lang='lat' dir='ltr'><strong>De</strong></span> <span class='ocrx_word' id='word_1_234' title='bbox 1071 3023 1178 3097; x_wconf 75' lang='lat' dir='ltr'><strong>furtis</strong></span> 
     </span>
    </p>
   </div>
   <div class='ocr_carea' id='block_1_4' title="bbox 295 3121 1039 3196">
    <p class='ocr_par' dir='ltr' id='par_1_12' title="bbox 295 3121 1039 3196">
     <span class='ocr_line' id='line_1_32' title="bbox 295 3121 1039 3196; baseline -0.001 -5"><span class='ocrx_word' id='word_1_235' title='bbox 295 3126 478 3196; x_wconf 83' lang='lat' dir='ltr'><strong>arborum.</strong></span> <span class='ocrx_word' id='word_1_236' title='bbox 857 3121 1039 3190; x_wconf 85' lang='lat' dir='ltr'><strong>arborum.</strong></span> 
     </span>
    </p>
   </div>
   <div class='ocr_carea' id='block_1_5' title="bbox 89 3275 1200 4022">
    <p class='ocr_par' dir='ltr' id='par_1_13' title="bbox 90 3275 1199 3698">
     <span class='ocr_line' id='line_1_33' title="bbox 134 3275 1198 3366; baseline -0.002 -18"><span class='ocrx_word' id='word_1_237' title='bbox 134 3286 161 3352; x_wconf 90' lang='lat' dir='ltr'>I.</span> <span class='ocrx_word' id='word_1_238' title='bbox 204 3285 239 3346; x_wconf 90' lang='lat' dir='ltr'><strong>Si</strong></span> <span class='ocrx_word' id='word_1_239' title='bbox 253 3285 324 3366; x_wconf 86' lang='lat' dir='ltr'><strong>quis</strong></span> <span class='ocrx_word' id='word_1_240' title='bbox 337 3284 602 3366; x_wconf 82' lang='lat' dir='ltr'><strong>veropomarium</strong></span> <span class='ocrx_word' id='word_1_241' title='bbox 620 3285 676 3346; x_wconf 91' lang='lat' dir='ltr'><strong>do·</strong></span> <span class='ocrx_word' id='word_1_242' title='bbox 753 3275 779 3337; x_wconf 88' lang='lat' dir='ltr'><strong>I·</strong></span> <span class='ocrx_word' id='word_1_243' title='bbox 820 3279 854 3338; x_wconf 83' lang='lat' dir='ltr'><strong>Si</strong></span> <span class='ocrx_word' id='word_1_244' title='bbox 873 3281 944 3360; x_wconf 87' lang='lat' dir='ltr'><strong>quis</strong></span> <span class='ocrx_word' id='word_1_245' title='bbox 960 3285 1138 3364; x_wconf 80' lang='lat' dir='ltr'><strong>pomarium</strong></span> <span class='ocrx_word' id='word_1_246' title='bbox 1157 3285 1198 3348; x_wconf 91' lang='lat' dir='ltr'><strong>si-</strong></span> 
     </span>
     <span class='ocr_line' id='line_1_34' title="bbox 90 3363 1199 3449; baseline 0.002 -21"><span class='ocrx_word' id='word_1_247' title='bbox 90 3367 261 3429; x_wconf 86' lang='lat' dir='ltr'><strong>mesticum</strong></span> <span class='ocrx_word' id='word_1_248' title='bbox 279 3367 511 3449; x_wconf 80' lang='lat' dir='ltr'><strong>autperarium</strong></span> <span class='ocrx_word' id='word_1_249' title='bbox 533 3367 678 3428; x_wconf 87' lang='lat' dir='ltr'><strong>deintus</strong></span> <span class='ocrx_word' id='word_1_250' title='bbox 711 3381 751 3421; x_wconf 79' lang='lat' dir='ltr'><strong>ve</strong></span> <span class='ocrx_word' id='word_1_251' title='bbox 782 3363 948 3440; x_wconf 70' lang='lat' dir='ltr'><strong>quenlibet</strong></span> <span class='ocrx_word' id='word_1_252' title='bbox 973 3367 1119 3428; x_wconf 80' lang='lat' dir='ltr'><strong>arborem</strong></span> <span class='ocrx_word' id='word_1_253' title='bbox 1144 3369 1199 3429; x_wconf 91' lang='lat' dir='ltr'><strong>do·</strong></span> 
     </span>
     <span class='ocr_line' id='line_1_35' title="bbox 90 3445 1199 3528; baseline -0.003 -17"><span class='ocrx_word' id='word_1_254' title='bbox 90 3460 203 3528; x_wconf 84' lang='lat' dir='ltr'><strong>curte,</strong></span> <span class='ocrx_word' id='word_1_255' title='bbox 229 3459 282 3510; x_wconf 81' lang='lat' dir='ltr'><strong>aut</strong></span> <span class='ocrx_word' id='word_1_256' title='bbox 301 3449 384 3510; x_wconf 81' lang='lat' dir='ltr'><strong>latus</strong></span> <span class='ocrx_word' id='word_1_257' title='bbox 400 3458 489 3510; x_wconf 86' lang='lat' dir='ltr'><strong>curte</strong></span> <span class='ocrx_word' id='word_1_258' title='bbox 510 3448 677 3526; x_wconf 82' lang='lat' dir='ltr'><strong>furaverit,</strong></span> <span class='ocrx_word' id='word_1_259' title='bbox 710 3445 874 3503; x_wconf 74' lang='lat' dir='ltr'><strong>mestIcam</strong></span> <span class='ocrx_word' id='word_1_260' title='bbox 904 3457 993 3506; x_wconf 79' lang='lat' dir='ltr'><strong>extra</strong></span> <span class='ocrx_word' id='word_1_261' title='bbox 1019 3449 1199 3512; x_wconf 81' lang='lat' dir='ltr'><strong>clausuram</strong></span> 
     </span>
     <span class='ocr_line' id='line_1_36' title="bbox 90 3522 1198 3614; baseline 0.001 -21"><span class='ocrx_word' id='word_1_262' title='bbox 90 3535 190 3593; x_wconf 88' lang='lat' dir='ltr'><strong>CXX.</strong></span> <span class='ocrx_word' id='word_1_263' title='bbox 210 3532 283 3592; x_wconf 85' lang='lat' dir='ltr'><strong>den.</strong></span> <span class='ocrx_word' id='word_1_264' title='bbox 302 3531 359 3614; x_wconf 89' lang='lat' dir='ltr'><strong>qui</strong></span> <span class='ocrx_word' id='word_1_265' title='bbox 387 3531 512 3594; x_wconf 84' lang='lat' dir='ltr'><strong>faciunt</strong></span> <span class='ocrx_word' id='word_1_266' title='bbox 535 3533 593 3593; x_wconf 87' lang='lat' dir='ltr'><strong>sol.</strong></span> <span class='ocrx_word' id='word_1_267' title='bbox 614 3531 677 3597; x_wconf 78' lang='lat' dir='ltr'>Ill,</span> <span class='ocrx_word' id='word_1_268' title='bbox 711 3522 884 3602; x_wconf 75' lang='lat' dir='ltr'><strong>exciderit,</strong></span> <span class='ocrx_word' id='word_1_269' title='bbox 905 3537 959 3587; x_wconf 82' lang='lat' dir='ltr'><strong>aut</strong></span> <span class='ocrx_word' id='word_1_270' title='bbox 977 3530 1100 3592; x_wconf 80' lang='lat' dir='ltr'><strong>furatus</strong></span> <span class='ocrx_word' id='word_1_271' title='bbox 1124 3535 1198 3594; x_wconf 86' lang='lat' dir='ltr'><strong>fue-</strong></span> 
     </span>
     <span class='ocr_line' id='line_1_37' title="bbox 90 3606 1199 3698; baseline 0.001 -24"><span class='ocrx_word' id='word_1_272' title='bbox 90 3613 262 3698; x_wconf 83' lang='lat' dir='ltr'><strong>culpabilis</strong></span> <span class='ocrx_word' id='word_1_273' title='bbox 278 3613 449 3676; x_wconf 84' lang='lat' dir='ltr'><strong>iudicetur.</strong></span> <span class='ocrx_word' id='word_1_274' title='bbox 708 3606 762 3682; x_wconf 86' lang='lat' dir='ltr'><strong>rit,</strong></span> <span class='ocrx_word' id='word_1_275' title='bbox 788 3608 883 3670; x_wconf 83' lang='lat' dir='ltr'>CXX.</span> <span class='ocrx_word' id='word_1_276' title='bbox 905 3609 978 3672; x_wconf 86' lang='lat' dir='ltr'><strong>den.</strong></span> <span class='ocrx_word' id='word_1_277' title='bbox 1001 3613 1057 3691; x_wconf 89' lang='lat' dir='ltr'><strong>qui</strong></span> <span class='ocrx_word' id='word_1_278' title='bbox 1075 3614 1199 3675; x_wconf 79' lang='lat' dir='ltr'><strong>faciunt</strong></span> 
     </span>
    </p>

    <p class='ocr_par' dir='ltr' id='par_1_14' title="bbox 709 3688 1197 3837">
     <span class='ocr_line' id='line_1_38' title="bbox 709 3688 1197 3830; baseline 0.023 -82"><span class='ocrx_word' id='word_1_279' title='bbox 709 3689 838 3830; x_wconf 65' lang='lat' dir='ltr'><strong>⁸⁰¹}111H&#39;</strong></span> <span class='ocrx_word' id='word_1_280' title='bbox 858 3688 942 3772; x_wconf 85' lang='lat' dir='ltr'><strong>culp.</strong></span> <span class='ocrx_word' id='word_1_281' title='bbox 960 3690 1027 3757; x_wconf 88' lang='lat' dir='ltr'><strong>iud.</strong></span> <span class='ocrx_word' id='word_1_282' title='bbox 1044 3716 1112 3761; x_wconf 81' lang='lat' dir='ltr'><strong>exc.</strong></span> <span class='ocrx_word' id='word_1_283' title='bbox 1130 3719 1197 3780; x_wconf 82' lang='lat' dir='ltr'><strong>cap.</strong></span> 
     </span>
     <span class='ocr_line' id='line_1_39' title="bbox 709 3771 816 3837; baseline -0.019 -7"><span class='ocrx_word' id='word_1_284' title='bbox 709 3779 741 3830; x_wconf 81' lang='lat' dir='ltr'><strong>et</strong></span> <span class='ocrx_word' id='word_1_285' title='bbox 783 3771 816 3837; x_wconf 84' lang='lat' dir='ltr'><strong>i,</strong></span> 
     </span>
    </p>

    <p class='ocr_par' dir='ltr' id='par_1_15' title="bbox 126 3851 1198 3941">
     <span class='ocr_line' id='line_1_40' title="bbox 126 3851 1198 3941; baseline 0.001 -21"><span class='ocrx_word' id='word_1_286' title='bbox 126 3857 175 3923; x_wconf 92' lang='lat' dir='ltr'><strong>II.</strong></span> <span class='ocrx_word' id='word_1_287' title='bbox 218 3858 254 3920; x_wconf 87' lang='lat' dir='ltr'><strong>si</strong></span> <span class='ocrx_word' id='word_1_288' title='bbox 292 3881 367 3923; x_wconf 88' lang='lat' dir='ltr'><strong>vero</strong></span> <span class='ocrx_word' id='word_1_289' title='bbox 405 3855 583 3941; x_wconf 84' lang='lat' dir='ltr'><strong>pomarium</strong></span> <span class='ocrx_word' id='word_1_290' title='bbox 621 3865 681 3918; x_wconf 83' lang='lat' dir='ltr'><strong>aut.</strong></span> <span class='ocrx_word' id='word_1_291' title='bbox 749 3851 792 3917; x_wconf 89' lang='lat' dir='ltr'><strong>ll.</strong></span> <span class='ocrx_word' id='word_1_292' title='bbox 806 3852 839 3912; x_wconf 92' lang='lat' dir='ltr'><strong>Si</strong></span> <span class='ocrx_word' id='word_1_293' title='bbox 849 3851 921 3934; x_wconf 91' lang='lat' dir='ltr'><strong>quis</strong></span> <span class='ocrx_word' id='word_1_294' title='bbox 937 3873 1013 3914; x_wconf 86' lang='lat' dir='ltr'><strong>vero</strong></span> <span class='ocrx_word' id='word_1_295' title='bbox 1022 3857 1198 3936; x_wconf 88' lang='lat' dir='ltr'><strong>pomarium</strong></span> 
     </span>
    </p>

    <p class='ocr_par' dir='ltr' id='par_1_16' title="bbox 89 3935 1200 4022">
     <span class='ocr_line' id='line_1_41' title="bbox 89 3935 1200 4022; baseline 0.003 -22"><span class='ocrx_word' id='word_1_296' title='bbox 89 3941 267 4022; x_wconf 80' lang='lat' dir='ltr'><strong>quamlibet</strong></span> <span class='ocrx_word' id='word_1_297' title='bbox 302 3941 448 4003; x_wconf 87' lang='lat' dir='ltr'><strong>arborem</strong></span> <span class='ocrx_word' id='word_1_298' title='bbox 472 3939 675 4003; x_wconf 83' lang='lat' dir='ltr'><strong>domesticam</strong></span> <span class='ocrx_word' id='word_1_299' title='bbox 707 3935 919 4018; x_wconf 83' lang='lat' dir='ltr'><strong>autquamlib.</strong></span> <span class='ocrx_word' id='word_1_300' title='bbox 928 3936 1071 3997; x_wconf 82' lang='lat' dir='ltr'><strong>arborem</strong></span> <span class='ocrx_word' id='word_1_301' title='bbox 1079 3940 1200 4004; x_wconf 86' lang='lat' dir='ltr'><strong>domes-</strong></span> 
     </span>
    </p>
   </div>
   <div class='ocr_carea' id='block_1_6' title="bbox 90 4142 1200 4358">
    <p class='ocr_par' dir='ltr' id='par_1_17' title="bbox 90 4142 1200 4358">
     <span class='ocr_line' id='line_1_42' title="bbox 153 4142 1199 4216; baseline 0.002 -20"><span class='ocrx_word' id='word_1_302' title='bbox 153 4148 187 4216; x_wconf 88' lang='lat' dir='ltr'><strong>n)</strong></span> <span class='ocrx_word' id='word_1_303' title='bbox 208 4146 300 4202; x_wconf 87' lang='lat' dir='ltr'><strong>Gloss.</strong></span> <span class='ocrx_word' id='word_1_304' title='bbox 320 4152 417 4208; x_wconf 77' lang='lat' dir='ltr'><strong>Aneta,</strong></span> <span class='ocrx_word' id='word_1_305' title='bbox 437 4145 514 4200; x_wconf 70' lang='lat' dir='ltr'><strong>cited.</strong></span> <span class='ocrx_word' id='word_1_306' title='bbox 584 4147 616 4215; x_wconf 89' lang='lat' dir='ltr'><strong>o)</strong></span> <span class='ocrx_word' id='word_1_307' title='bbox 635 4147 687 4196; x_wconf 88' lang='lat' dir='ltr'><strong>Un.</strong></span> <span class='ocrx_word' id='word_1_308' title='bbox 706 4145 765 4196; x_wconf 90' lang='lat' dir='ltr'><strong>Cod</strong></span> <span class='ocrx_word' id='word_1_309' title='bbox 793 4142 864 4198; x_wconf 84' lang='lat' dir='ltr'>Pith.</span> <span class='ocrx_word' id='word_1_310' title='bbox 881 4162 1000 4197; x_wconf 87' lang='lat' dir='ltr'><strong>coccum.</strong></span> <span class='ocrx_word' id='word_1_311' title='bbox 1036 4145 1199 4198; x_wconf 67' lang='grc' dir='ltr'><strong>61053.Θαὶ-</strong></span> 
     </span>
     <span class='ocr_line' id='line_1_43' title="bbox 90 4215 1199 4287; baseline 0.005 -23"><span class='ocrx_word' id='word_1_312' title='bbox 90 4216 139 4282; x_wconf 76' lang='lat' dir='ltr'><strong>lus,</strong></span> <span class='ocrx_word' id='word_1_313' title='bbox 159 4235 238 4269; x_wconf 85' lang='lat' dir='ltr'><strong>cocc.</strong></span> <span class='ocrx_word' id='word_1_314' title='bbox 258 4217 391 4282; x_wconf 81' lang='lat' dir='ltr'><strong>Gallina,</strong></span> <span class='ocrx_word' id='word_1_315' title='bbox 415 4218 498 4270; x_wconf 79' lang='lat' dir='ltr'>henn.</span> <span class='ocrx_word' id='word_1_316' title='bbox 564 4219 598 4285; x_wconf 83' lang='lat' dir='ltr'><strong>p)</strong></span> <span class='ocrx_word' id='word_1_317' title='bbox 617 4215 700 4268; x_wconf 86' lang='lat' dir='ltr'><strong>Goth.</strong></span> <span class='ocrx_word' id='word_1_318' title='bbox 721 4217 844 4267; x_wconf 77' lang='lat' dir='ltr'><strong>cr&#39;conum</strong></span> <span class='ocrx_word' id='word_1_319' title='bbox 864 4228 917 4266; x_wconf 80' lang='lat' dir='ltr'><strong>aut</strong></span> <span class='ocrx_word' id='word_1_320' title='bbox 935 4234 1042 4284; x_wconf 79' lang='lat' dir='ltr'><strong>gruum.</strong></span> <span class='ocrx_word' id='word_1_321' title='bbox 1079 4216 1199 4287; x_wconf 86' lang='lat' dir='ltr'><strong>Guelph.</strong></span> 
     </span>
     <span class='ocr_line' id='line_1_44' title="bbox 90 4283 1200 4358; baseline 0.005 -24"><span class='ocrx_word' id='word_1_322' title='bbox 90 4288 205 4340; x_wconf 80' lang='lat' dir='ltr'><strong>cicinum</strong></span> <span class='ocrx_word' id='word_1_323' title='bbox 217 4285 276 4358; x_wconf 55' lang='lat' dir='ltr'><strong>etc.</strong></span> <span class='ocrx_word' id='word_1_324' title='bbox 308 4290 343 4358; x_wconf 86' lang='lat' dir='ltr'><strong>q)</strong></span> <span class='ocrx_word' id='word_1_325' title='bbox 360 4289 420 4340; x_wconf 86' lang='lat' dir='ltr'><strong>Duo</strong></span> <span class='ocrx_word' id='word_1_326' title='bbox 436 4287 521 4340; x_wconf 86' lang='lat' dir='ltr'>Ccdd.</span> <span class='ocrx_word' id='word_1_327' title='bbox 540 4286 609 4342; x_wconf 87' lang='lat' dir='ltr'>Pith.</span> <span class='ocrx_word' id='word_1_328' title='bbox 629 4285 661 4339; x_wconf 83' lang='lat' dir='ltr'><strong>si</strong></span> <span class='ocrx_word' id='word_1_329' title='bbox 674 4287 734 4355; x_wconf 72' lang='lat' dir='ltr'><strong>quis</strong></span> <span class='ocrx_word' id='word_1_330' title='bbox 750 4285 884 4336; x_wconf 77' lang='lat' dir='ltr'><strong>ancellum</strong></span> <span class='ocrx_word' id='word_1_331' title='bbox 897 4283 929 4338; x_wconf 83' lang='lat' dir='ltr'><strong>dc</strong></span> <span class='ocrx_word' id='word_1_332' title='bbox 940 4297 1038 4355; x_wconf 78' lang='lat' dir='ltr'><strong>trappa</strong></span> <span class='ocrx_word' id='word_1_333' title='bbox 1049 4287 1200 4356; x_wconf 77' lang='lat' dir='ltr'><strong>furaverit.</strong></span> 
     </span>
    </p>
   </div>
   <div class='ocr_carea' id='block_1_7' title="bbox 811 4391 834 4456">
    <p class='ocr_par' dir='ltr' id='par_1_18' title="bbox 811 4391 834 4456">
     <span class='ocr_line' id='line_1_45' title="bbox 811 4391 834 4456; baseline 0 0"><span class='ocrx_word' id='word_1_334' title='bbox 811 4391 834 4456; x_wconf 86' lang='lat'><strong><em>2</em></strong></span> 
     </span>
    </p>
   </div>
   <div class='ocr_carea' id='block_1_8' title="bbox 0 0 1418 4998">
    <p class='ocr_par' dir='ltr' id='par_1_19' title="bbox 0 0 1418 4998">
     <span class='ocr_line' id='line_1_46' title="bbox 0 0 1418 4998; baseline 0 2"><span class='ocrx_word' id='word_1_335' title='bbox 0 0 1418 4998; x_wconf 95' lang='lat' dir='ltr'><strong> </strong></span> 
     </span>
    </p>
   </div>
  </div>
 </body>
</html>
