2876 4992
452 307 604 365 scenam
622 306 668 362 ur
687 304 872 364 scaurum
1148 283 1219 402 itt

5 447 6 456 ’
113 457 150 509 ut
168 463 278 510 servus
297 445 412 524 solvat,
433 446 541 510 sedat
559 447 653 530 iuge·
684 446 773 510 idest
783 451 908 508 uttotas
917 464 1070 508 numerus
1078 443 1221 508 atxxt.

112 551 198 590 naus
231 537 333 588 totam
359 529 462 612 legem
494 551 592 610 super
618 549 652 590 se
683 538 795 592 noctes
817 527 936 593 ven-iat.
979 527 1076 604 Quod
1097 527 1123 590 si
1147 537 1221 612 post

111 610 305 674 solviturum
332 613 487 694 excipiat,
511 610 598 693 quod
626 609 652 670 si
683 611 836 695 placitum
850 610 954 690 ipsum
969 629 1098 672 servum
1109 613 1221 672 nolue-

111 699 225 756 seru'us
245 693 358 754 absens
382 693 497 769 fuerit,
520 694 573 754 cui
592 692 662 776 eli·¹
684 693 727 755 rit
748 694 882 776 ligatum
903 691 1070 773 suppliciis
1094 693 1169 754 dare
1190 699 1223 756 et

111 775 195 858 quid
222 775 414 856 impotatos,
444 775 592 836 dominus
612 774 652 834 ad
685 777 716 837 ei
732 797 790 858 per
805 775 948 856 singulos
968 773 1102 856 placitos
1120 776 1222 839 solem

109 857 285 940 reputanti,
308 879 383 916 cum
399 857 500 918 tribus
521 855 652 918 testibus
684 857 875 933 calcaverit,
896 865 976 916 tunc
997 855 1143 918 dominus
1159 875 1224 919 ser·

110 939 269 1001 secretius
290 939 462 999 admonere
485 939 589 1014 debit,
617 947 654 997 ut
684 939 719 1002 vi
730 960 856 1000 omnem
870 936 1119 1020 repetitionem,
1138 939 1223 1001 sicot

110 1043 242 1083 servum
255 1042 348 1080 suum
362 1021 446 1080 infra
457 1020 528 1081 Vll.
543 1029 653 1080 noctes
685 1021 831 1103 superius
844 1019 1037 1096 dixerimus,
1061 1042 1130 1082 non
1140 1021 1224 1082 sicut

110 1103 222 1166 debiat
237 1113 441 1184 presentare,
467 1097 555 1186 quod
573 1102 599 1164 si
615 1101 655 1159 fi·
685 1123 797 1165 servus
824 1102 882 1164 sed
907 1101 998 1182 quasi
1028 1102 1137 1185 ingen.
1165 1103 1223 1164 atl-

110 1184 205 1261 cerit‚
230 1193 310 1244 tunc
323 1194 472 1265 repetens
488 1185 588 1246 solem
603 1181 655 1242 illi
686 1183 821 1246 missiset
843 1182 940 1244 talem
967 1184 1224 1267 conpositionem

110 1289 189 1328 cum
203 1267 336 1326 testibus
350 1267 483 1328 colecit:
506 1276 539 1326 et
554 1264 655 1327 sicud
686 1265 846 1349 repetenti
868 1265 1025 1330 restituet.

110 1349 193 1409 alias
207 1348 280 1412 VII.
295 1348 397 1409 noctis
408 1370 536 1411 servum
551 1349 655 1428 ipsum
728 1349 763 1410 si
784 1368 863 1410 vero
882 1347 999 1408 ancilla
1019 1347 1052 1406 in
1078 1347 1141 1411 sale
1162 1349 1237 1416 cri·,

112 1453 181 1492 non
192 1430 433 1512 presentaverit,
445 1430 656 1492 tcrciavicem
687 1429 773 1492 mine
792 1429 978 1492 inveniatur
999 1429 1086 1490 uude
1112 1451 1223 1494 servus

112 1513 222 1573 adhuc
240 1511 312 1574 VII.
325 1512 430 1584 noctis
444 1513 492 1572 illi
502 1511 656 1595 placitum
687 1522 844 1574 castretur
864 1509 986 1573 CCXL·
1003 1509 1078 1576 den.
1097 1513 1154 1595 qui
1172 1515 1224 1574 fa-

114 1594 192 1655 dare
211 1593 309 1670 debit,
325 1593 433 1672 idest,
451 1602 656 1655 uttotusnu-
687 1594 777 1655 ciunt
794 1593 851 1662 sol.
870 1591 929 1654 VI.
949 1613 1007 1673 pro
1028 1592 1037 1650 i
1063 1615 1095 1653 sa
1119 1595 1223 1656 domi-

113 1698 222 1737 merus
251 1696 352 1757 usque
379 1677 420 1738 ad
444 1677 531 1741 XXl.
560 1687 654 1738 nocte
688 1698 748 1738 nus
766 1676 880 1737 reddat
899 1682 953 1736 aut
972 1675 1047 1734 CL¹
1088 1677 1223 1745 ILictoo

112 1757 297 1840 perveniat;
319 1758 408 1838 quod
424 1759 452 1820 si
469 1779 534 1818 nou
550 1767 657 1840 potest
687 1759 821 1844 accipiat
841 1757 1051 1842 flagellorum.

5 1855 6 1868 ³
113 1841 254 1900 tercium
273 1839 567 1923 placitum,·ipsum
586 1861 656 1911 ser-¹

114 1944 194 1983 vum
214 1922 356 1982 noluerit
375 1920 508 2006 ligatum
530 1922 657 2006 suppli-

113 2003 175 2065 ciis
190 2003 278 2080 dare‚
300 2011 376 2063 tuuc
402 2004 551 2073 dominus
571 2004 656 2066 servi

115 2106 245 2146 omnem
260 2106 386 2145 causam
405 2101 551 2166 superse
571 2086 656 2148 cxci·

113 2167 191 2251 piat.
233 2166 267 2228 Si
285 2189 363 2230 vero
382 2169 532 2228 ancillam
546 2167 580 2228 in
593 2167 657 2228 tale

114 2249 531 2328 crimineinvenitur,unde
547 2271 658 2312 servus

119 2342 258 2394 castrare
272 2331 427 2394 debueret
457 2341 512 2393 aut
532 2330 657 2394 CCXL.

119 2414 187 2475 diu.
203 2413 261 2494 qui
281 2413 340 2475 fac.
356 2415 413 2475 sol.
436 2415 493 2478 Vl.
519 2413 546 2475 si
577 2435 657 2474 con·

117 2496 241 2558 renirit
258 2517 317 2577 pro
336 2496 402 2577 ipsa
422 2495 569 2556 dominus
587 2496 661 2557 red·

118 2579 184 2654 dat,
206 2589 262 2638 aut
282 2575 378 2642 CCC.
398 2578 505 2642 hictus
523 2577 658 2662 accipiat

118 2659 333 2740 flagellorum

160 2742 193 2801 Si
231 2762 343 2803 servus
373 2763 447 2803 cum
480 2743 658 2826 ingenuum

116 2825 240 2885 furtum
264 2823 379 2884 fecerit
403 2846 511 2887 servus
541 2826 576 2884 in
599 2825 655 2885 du-

116 2907 229 2989 plum,
247 2904 285 2982 si,
310 2907 398 2986 quod
421 2906 660 2983 consorciavit,

116 2996 210 3064 retal,
220 3009 289 3049 exc.
306 3010 374 3070 cap„
382 2997 414 3049 et
432 2989 477 3048 dil
497 2990 657 3074 ingenuus

116 3069 657 3156 veroquadruplnmexcipiatdam-

118 3174 208 3217 num.

117 3271 206 3346 XL·
248 3269 528 3340 Dflhumicidfis
551 3272 657 3364 inge„
689 3231 869 3310 vaffl.
901 3231 1225 3306 Dehomicidioiu-

853 3357 1090 3425 genuorum„

302 3391 473 3446 ΠΠΟΙἮΠῙ.

159 3493 196 3556 Si
210 3495 283 3578 quis
296 3495 454 3579 ingenuus
465 3498 590 3558 Franco
603 3504 658 3556 aut
730 3495 764 3558 Si
780 3519 811 3579 q.
836 3496 980 3579 ingenuo
998 3499 1146 3559 francum
1171 3505 1227 3560 aut

116 3578 299 3656 barbarum,
317 3580 372 3661 qui
396 3581 500 3661 legem
521 3579 657 3640 Salicum
688 3579 858 3643 barbarum
878 3579 934 3660 qui
958 3580 1064 3640 Salioa
1081 3582 1111 3640 le
1136 3603 1152 3640 e
1175 3581 1227 3644 vi-

118 3660 214 3738 virit‚
233 3661 406 3738 occideret,
423 3661 476 3722 cui
496 3659 658 3722 fueritad-
690 3662 738 3721 vit
766 3661 928 3723 occisserit
964 3668 980 3734 (
998 3682 1089 3722 usur.
1115 3603 1228 3741 leod.)

117 3743 290 3824 probatum
315 3750 429 3817 (narr.
448 3743 554 3812 leodi)
583 3753 658 3804 sunt
689 3744 780 3810 VllI.
801 3745 877 3805 deu.
903 3743 960 3826 qni
989 3741 1051 3804 fac.
1073 3742 1134 3807 sol.
1159 3737 1224 3806 CC.

119 3825 186 3890 diu.
212 3828 306 3889 VllI.
330 3824 453 3886 faciunt
470 3825 564 3887 solid.
588 3825 656 3891 CO.
690 3827 774 3910 culp.
796 3825 862 3887 ind.

117 3907 205 3985 culp.
217 3907 286 3968 iud.

159 3989 196 4050 Si
215 4011 292 4051 vero
309 4010 383 4050 eum
405 3989 437 4049 in
454 3998 589 4072 puteum
606 4000 661 4051 aut
734 3988 768 4049 Si
785 4011 863 4052 vero
881 3989 1003 4052 eumin
1021 3994 1155 4072 puteum
1174 3997 1231 4050 aut

116 4069 152 4130 in
170 4091 253 4150 aqua
272 4071 396 4132 miserit
407 4081 439 4132 ct
459 4093 534 4134 eum
553 4081 608 4134 ant
620 4074 660 4134 de
693 4071 752 4134 sub
783 4093 864 4154 aqua
879 4071 1006 4141 [miserit
1021 4067 1134 4134 XXIV.
1154 4071 1230 4140 den.

117 4152 238 4213 camisa
247 4164 302 4214 aut
312 4153 351 4214 de
367 4155 460 4216 collis
476 4164 529 4216 out
542 4155 581 4216 de
592 4154 662 4236 qui·
688 4154 751 4234 ¹qui
771 4154 895 4218 faciunt
916 4155 975 4220 sol.
994 4156 1062 4222 DC.
1088 4153 1230 4240 culpabi·

115 4235 179 4297 bus
201 4235 296 4298 rebus
330 4236 490 4300 celaturus
517 4237 662 4314 steterit,
694 4236 737 4298 lis
752 4235 820 4304 iud.
