2900 5020
344 313 449 374 tacis
468 315 761 376 suiacuuaioruu
779 320 851 374 rsa.
870 315 1021 378 xxxrm
1167 309 1239 382 &tt

171 467 173 472 ’
210 451 257 522 Il.
300 457 335 520 si
360 480 439 522 vero
470 459 612 541 ingenua
641 460 751 544 puella
777 460 965 523 voluntarie
987 481 1021 526 se
1044 483 1139 528 norro
1157 487 1241 530 m·-

131 543 300 608 iunxerit:
332 552 507 626 utrumque
535 543 681 606 iubemus
704 543 818 604 occidi.
869 615 878 626 ἱ
1127 591 1129 600 ,

189 626 271 688 ἸΙΙ.
314 624 412 702 Quod
442 624 468 684 si
493 635 643 707 parentes
664 627 792 708 puellae
812 633 978 708 parentem
1008 641 1100 690 suam
1119 633 1240 714 punine
1286 625 1291 634 ’

126 712 261 778 fortasse
279 707 459 783 noluerint,
476 709 587 791 puella
607 711 756 772 libertate
780 718 903 788 cacat,
930 719 964 772 et
991 708 1026 772 in
1050 715 1241 779 servitutum

127 795 249 877 regiam
271 789 449 872 redigatur.
504 809 507 816 ·

213 947 215 950 ·
296 907 385 986 Tru.
412 895 599 982 XXXVI.
651 911 710 980 De
736 909 864 982 incesti
890 910 1079 984 adulterio.

212 1039 241 1107 Ι.
282 1039 316 1099 Si
338 1038 410 1121 quis
441 1061 514 1100 cum
538 1049 671 1122 parente
701 1060 779 1118 sua,
807 1041 860 1102 vel
884 1043 994 1104 uxoris
1019 1064 1095 1106 suae
1119 1067 1241 1119 sorore,

131 1123 166 1186 in
191 1121 351 1184 adulterio
374 1123 473 1182 suerit
494 1123 737 1203 deprehensus,
761 1125 901 1203 pretium
923 1147 1017 1186 suum
1038 1126 1086 1206 ei,
1115 1128 1172 1210 qui
1196 1139 1244 1192 est

130 1207 295 1292 proximus
317 1204 448 1278 mulieri
469 1227 565 1286 quam
587 1201 784 1267 adulteravit
804 1214 854 1289 q),
876 1218 972 1288 prout
987 1229 1124 1291 persona
1144 1213 1245 1274 fuerit

130 1298 263 1372 cogatur
281 1288 467 1348 exsolvere:
494 1296 526 1348 et
544 1289 683 1350 mulctae
702 1290 833 1350 nomine
852 1290 911 1352 sol.
932 1291 1003 1358 XII.
1052 1291 1244 1358 Adulterum

129 1391 206 1436 vero
234 1369 329 1432 subdi
355 1369 502 1433 iubemus
523 1371 630 1453 regiae
652 1371 809 1438 servituti.

315 1521 409 1630 rm
437 1487 640 1592 XXXVII.
691 1521 750 1592 ne
776 1525 908 1595 eausa
927 1524 1063 1618 gaeso.

213 1649 240 1714 Ι.
281 1649 481 1732 Quicunque
495 1649 650 1733 spatham,
662 1659 717 1713 aut
731 1652 970 1736 semispathium
992 1665 1024 1734 r)
1039 1655 1188 1718 eduxerit
1204 1656 1248 1719 ad-

129 1732 382 1818 percutiendum
406 1735 556 1811 alterum,
580 1745 613 1795 et
639 1757 703 1794 non
727 1738 940 1818 percusserit,
962 1739 1081 1800 inferat
1104 1741 1243 1801 mulctae

131 1817 263 1876 nomine
290 1816 348 1881 sol.
380 1815 457 1878 XII.
501 1817 535 1877 si
561 1820 778 1898 percusserit,
811 1820 930 1882 inferat
951 1821 1101 1883 similiter
1122 1823 1243 1886 solidas

128 1896 204 1965 XII.
226 1898 318 1961 etde
341 1899 466 1960 inflicto
492 1900 628 1961 vulnere
649 1899 822 1962 iudicetur.
907 1951 909 1956 ,
997 1897 1002 1906 ’

142 2045 233 2120 Tlr.
259 2045 483 2122 XXXVIII.
534 2045 593 2118 De
612 2050 854 2142 hospitalitate
878 2050 1005 2144 legatis
1033 1999 1244 2127 extumum
1341 2009 1345 2016 ·

235 2152 421 2240 gentium,
466 2160 503 2217 et
530 2149 786 2220 itinerantibus
816 2177 890 2221 non
916 2156 1135 2245 deneganda.

216 2280 243 2342 Ι.
285 2278 484 2362 Quicunque
512 2277 633 2362 hospiti
665 2279 810 2340 venienti
843 2291 877 2354 s)
905 2291 1026 2344 tectum
1051 2293 1108 2344 aut
1131 2283 1244 2345 focum

134 2363 310 2445 negaverit,
336 2365 434 2422 trium
459 2360 638 2423 solidorum
659 2362 816 2424 inlatione
842 2365 1026 2426 mulctetur.
1292 2435 1295 2442 .

170 2527 181 2588 l
216 2441 262 2506 Π.
305 2445 340 2508 Si
363 2444 499 2507 conviva
515 2445 610 2527 Regis
633 2452 701 2523 est,
723 2447 780 2512 Vl.
802 2447 923 2509 solidos
947 2450 1085 2510 mulctae
1109 2446 1242 2508 nomine

131 2538 244 2594 rorat.

215 2609 279 2676 III.
321 2611 370 2673 De
388 2609 500 2696 legatis
522 2630 599 2674 vero
627 2619 851 2672 extranearum
869 2611 1033 2696 gentium,
1063 2620 1100 2670 ut
1122 2609 1244 2690 dictum

132 2704 192 2770 est,
212 2695 246 2754 id
267 2695 416 2772 volumus
438 2695 605 2772 custodiri,
628 2704 665 2753 ut
689 2694 809 2754 ubicun
837 2718 877 2757 ue
902 2719 956 2758 eos
982 2694 1104 2756 mansio
1125 2701 1241 2752 contu-

133 2777 220 2853 lerit,
242 2798 344 2836 uisum
363 2801 498 2860 porcum
522 2788 576 2838 aut
596 2799 695 2837 unum
715 2777 878 2838 berbicem
897 2775 1122 2862 praesumendi
1144 2774 1246 2834 habe·-

134 2869 191 2918 ant
211 2859 414 2923 facultatem:
449 2861 556 2942 etqui
577 2861 649 2920 fieri
668 2859 895 2942 prohibuerit,
931 2863 986 2926 VI.
1015 2859 1073 2922 sol.
1104 2859 1243 2924 mulctae

133 2941 266 3016 nomine
291 2951 423 3023 cogatur
443 2945 621 3006 exsolvere,
670 2943 712 3003 Et
736 2943 824 3024 quod
853 2945 961 3005 dutum
983 2943 1082 3005 fuerit
1116 2940 1241 3022 legatis,

134 3024 165 3085 ei
188 3023 244 3104 qui
265 3022 355 3083 dedit
384 3025 423 3084 ab
447 3025 497 3086 his
519 3025 576 3107 qui
602 3025 686 3086 lntra
710 3025 884 3088 terminum
906 3028 1004 3090 villae
1032 3023 1132 3109 ipsius
1154 3044 1239 3085 com·

134 3113 282 3182 manent,
305 3119 542 3188 compensetur,
583 3115 585 3118 '
1222 3179 1225 3188 ι

217 3189 272 3253 IV.
316 3190 447 3273 Hyemis
468 3181 574 3262 autem
598 3199 742 3273 tempore
770 3191 796 3253 si
824 3192 905 3274 quid
929 3192 1051 3272 legatus
1073 3185 1164 3250 foeni
1187 3195 1242 3248 aut

133 3270 249 3332 hordei
275 3273 538 3355 praesumpserit,
556 3271 719 3334 'sImiliter
743 3275 760 3333 la
791 3275 1040 3341 consistentibus
1067 3273 1150 3332 intra
1176 3280 1244 3348 ter·

133 3353 258 3414 minum
283 3356 380 3416 villae
410 3357 527 3437 ipsius,
557 3365 621 3416 tarn
655 3357 939 3438 Burgundionibus
962 3379 1059 3440 qnam
1081 3351 1244 3429 Romanis,

133 3437 203 3498 sine
233 3439 488 3500 contradictione
518 3439 627 3520 aliqua
655 3441 848 3501 conferatur.
900 3441 999 3519 Quod
1024 3447 1149 3500 tantum
1173 3436 1246 3515 t)d

133 3519 310 3581 maioribus
334 3523 479 3602 personis
498 3521 711 3604 praecipimus
734 3523 900 3589 custodiri.
1210 3592 1213 3598 ¹

219 3603 258 3663 V.
302 3605 455 3666 Ceterum
475 3603 501 3665 si
527 3603 598 3666 talis
622 3624 756 3684 persona
773 3614 830 3682 est,
853 3625 936 3686 quae
964 3620 1004 3664 ex
1023 3601 1265 3664 multificentia.

135 3695 245 3747 nostra
273 3686 414 3770 legatum
436 3687 535 3770 possit
562 3689 724 3768 excipere,
747 3686 814 3768 ipse
835 3697 961 3748 tantum
983 3708 1023 3747 ex
1047 3705 1248 3767 suscipen-

136 3791 169 3828 sa
193 3769 304 3850 legatis
337 3792 402 3830 una
431 3780 526 3830 nocte
556 3778 723 3851 praeparet
743 3769 951 3835 mansionem.
1001 3769 1098 3846 Quod
1131 3769 1247 3830 sinon

95 3907 96 3912 ,
134 3851 262 3926 fecerit,
292 3851 373 3914 XII.
395 3853 452 3913 sol.
475 3875 507 3914 se
535 3854 674 3912 mulctae
703 3852 833 3922 nomine
864 3851 992 3914 noverit
1021 3852 1208 3913 inlaturum.

218 3934 276 3997 VI.
299 3935 333 3994 Si
348 3935 381 3993 in
405 3957 514 3996 caussa
535 3935 660 4017 privata
682 3944 715 4012 u)
736 3936 798 3995 iter
824 3956 921 4018 agens
942 3935 982 3995 ad
1006 3929 1248 4015 Burgundionis

205 4140 300 4263 qghl.
329 4159 390 4193 mss.
415 4159 486 4214 qraae
511 4141 686 4196 adulteravit.
757 4142 789 4212 r)
813 4140 857 4194 Al.
880 4141 1079 4210 semispatham.
1151 4145 1179 4206 s)
1205 4137 1247 4190 Al.

136 4227 184 4262 ms.
242 4214 353 4280 spiciam
382 4213 511 4268 venienti.
583 4216 617 4282 t)
641 4214 682 4265 Al.
710 4229 758 4264 ms.
791 4207 872 4279 Quod
896 4213 994 4264 tamen.
1065 4210 1102 4278 u)
1127 4207 1169 4260 Al.
1201 4224 1249 4265 tut·

137 4298 205 4332 casa
221 4285 356 4352 proliata.
393 4282 436 4338 Al.
454 4284 607 4352 praeliata.

911 4369 979 4452 21‘
