2826 4998
147 401 155 405 -
192 339 238 412 lo
543 341 647 417 locos
667 359 814 415 sluclc
834 360 905 417 τιτ.
925 363 964 418 ιι.

188 506 332 582 capatus,
354 496 492 558 manniri
514 518 579 558 non
602 506 715 580 potest.
736 499 771 558 si
843 497 901 562 lV.
943 500 1022 560 Nam
1042 499 1069 561 si
1086 499 1121 560 ln
1146 501 1291 566 iussione

187 599 264 642 vcro
282 581 365 639 intra
383 601 498 661 pagum
519 580 552 639 in
574 581 769 642 sacratione
801 582 894 663 Regis
904 583 1002 642 fuerit
1013 581 1183 668 occupatus
1196 607 1291 646 man·

186 662 297 738 fuerit,
318 670 421 744 potest
440 662 592 742 manniri,
620 663 704 726 sicul
721 683 774 724 su-
801 664 865 722 niri
880 687 945 726 non
968 674 1080 746 potest.
1099 671 1101 675 ’

186 743 297 826 perius
316 743 438 805 dictum
457 752 512 806 est.
842 745 881 806 V.
924 745 958 806 Si
975 768 1051 806 vero
1066 747 1150 806 infra
1171 769 1290 830 pagum

799 826 833 886 in
849 827 1040 889 sacratione
1057 828 1166 904 fuerit,
1185 837 1290 910 poles!

800 909 938 968 manniri
954 909 1039 970 sicut
1056 911 1200 992 superius
1222 911 1290 974 dic·

798 999 866 1050 tum
886 1000 942 1052 ecl.

839 1099 929 1175 Tl'r.
955 1099 1004 1175 ΙΙ.
1054 1100 1110 1170 De
1138 1098 1246 1171 furcis

940 1221 1147 1290 porcorum.

224 1319 249 1384 l.
293 1318 327 1379 si
352 1317 424 1399 quis
446 1315 626 1398 porcellum
645 1315 769 1384 lactan·
839 1313 863 1374 Ι.
907 1314 1288 1399 Siquisporcellumlac-

185 1410 250 1461 tem
293 1403 451 1460 furaucrit
483 1398 522 1457 dc
550 1398 673 1458 channe
701 1397 769 1479 pri·
796 1402 918 1456 tantem
937 1401 1094 1459 furauerit
1118 1400 1156 1460 de
1186 1399 1288 1462 hron-

184 1503 247 1560 mo‚
269 1491 322 1541 aut
337 1481 492 1554 mediana,
508 1487 539 1539 ct
556 1480 586 1539 ci
599 1479 698 1539 fuerit
712 1479 769 1538 ad·
797 1498 837 1536 ne
855 1487 888 1551 s)
906 1479 1008 1560 prima
1026 1491 1080 1540 aut
1099 1481 1138 1542 de
1163 1481 1289 1544 media·-

184 1564 363 1648 probatum‚
381 1568 549 1638 (macno.
568 1563 685 1620 rhannc
699 1562 781 1621 cha.
797 1580 858 1636 na,
880 1571 911 1621 et
936 1561 1010 1622 inde
1031 1563 1131 1622 fucrit
1150 1565 1287 1626 conuic-

185 1649 217 1706 la
236 1645 462 1705 lerecoalahoc
476 1656 521 1701 est
537 1663 630 1701 unum
647 1644 768 1725 ahelep-
796 1650 859 1712 tus,
886 1644 982 1706 CXX.
1003 1644 1075 1705 den.
1091 1645 1147 1724 qui
1161 1647 1287 1712 faciunt

112 1721 115 1730 ’
187 1735 232 1804 te)
257 1729 353 1792 CXX.
374 1724 532 1800 denariis,
560 1723 617 1804 qui
645 1725 768 1785 faciunt
796 1724 854 1783 sol.
872 1725 927 1789 Ill.
955 1725 1039 1806 culp,
1064 1727 1128 1790 iud.
1151 1737 1285 1812 excepto

184 1809 277 1870 solid.
306 1809 362 1872 111.
387 1806 555 1886 culpabilis
583 1805 766 1884 iudicetur,
796 1805 931 1887 capitale
942 1817 974 1866 et
993 1808 1141 1875 dilatura.

184 1899 317 1972 excepto
335 1889 468 1971 capitale
491 1898 522 1948 et
541 1888 694 1954 delatura,
997 1884 999 1891 ’

224 1973 269 2038 ll.
312 1973 440 2034 sivero
465 1969 498 2028 in
523 1970 616 2030 tertio
644 1969 765 2029 channe
836 1967 881 2030 Il.
922 1968 1285 2032 Siverointertiahran·

183 2055 353 2132 furaucrit,
374 2059 481 2128 (mcc.
495 2053 612 2110 channe
630 2052 766 2128 challeo)
795 2072 836 2112 nc
857 2053 1022 2130 furauerit,
1044 2055 1109 2116 DC.
1131 2055 1203 2119 den.
1223 2055 1283 2135 qui

183 2137 250 2202 DC.
271 2137 342 2196 den.
365 2135 421 2216 qui
444 2134 566 2194 faciunt
581 2133 672 2197 solid.
695 2133 766 2198 XV.
793 2132 918 2192 faciunt
943 2135 1000 2194 sol.
1019 2137 1088 2196 XV.
1108 2137 1193 2217 culp.
1213 2135 1282 2204 iud.

183 2219 353 2300 culpabilis
369 2215 539 2294 iudicetur,
561 2223 698 2298 excepto.
711 2235 765 2275 ca·
794 2235 864 2283 cxc.
887 2236 954 2298 cap.
975 2225 1007 2276 el
1029 2216 1174 2279 dilutura.

182 2301 280 2382 pitole
301 2310 333 2360 et
347 2299 500 2362 delatura.
845 2373 848 2378 Δ

225 2381 287 2443 lll.
329 2380 363 2452 Sl
405 2380 477 2460 quis
516 2379 695 2461 porcellum
723 2379 763 2440 de
834 2378 888 2442 Ill.
919 2376 1280 2462 ¹Siquispolccllumllc

183 2463 309 2522 Sutcnn
348 2461 532 2539 furaverit,
575 2471 607 2520 cl
638 2461 763 2522 clauem
793 2461 871 2522 sude
889 2469 920 2532 t)
944 2463 1107 2538 furaverit,
1120 2485 1200 2542 quae
1216 2463 1303 2522 cla--

181 2543 341 2621 habuerit,
361 2545 516 2607 MDCCC.
541 2543 613 2604 den.
630 2545 685 2624 qui
710 2546 758 2604 fo·
793 2563 866 2601 uem
878 2542 973 2602 habet
989 2543 1125 2608 IDCCC.
1138 2544 1281 2624 den.qui

182 2627 273 2686 ciunt
290 2627 348 2691 sol.
367 2623 467 2686 XLV.
486 2624 653 2705 culpabilis
676 2625 762 2685 iudi·
792 2626 915 2682 faciunt
928 2624 985 2684 sol.
1000 2627 1094 2689 XLV.
1112 2627 1195 2708 culp.
1209 2625 1279 2692 iod.

182 2718 291 2787 cetur,
312 2717 446 2789 excepto
465 2727 532 2790 cap.
552 2715 585 2764 et
611 2707 763 2767 delatura.
794 2727 861 2768 exc.
876 2727 942 2787 cap.
957 2715 989 2766 ct
1005 2707 1060 2768 dil.

222 2789 278 2856 IV.
321 2791 354 2850 si
368 2789 440 2872 quis
454 2788 632 2870 porcellum
655 2789 695 2850 de
711 2789 763 2847 ln·
832 2787 886 2846 lV.
928 2788 1278 2869 Siquisporcellumin

185 2881 239 2938 lro
254 2873 389 2955 porcos,¹
401 2871 468 2952 ipso
492 2870 636 2950 porcario
655 2879 764 2931 custo·
792 2868 1116 2949 campointerporcos
1131 2871 1281 2952 ipsopor-

177 2953 314 3024 diemo,
341 2952 519 3028 furauerit,
550 2960 670 3024 (mcc.
701 2951 763 3010 So·
794 2949 879 3010 corio
899 2952 1097 3012 custodiente
1111 2953 1280 3032 furaucrit,

183 3057 268 3112 agne
296 3035 422 3106 clzalte)
462 3034 494 3092 in
515 3035 581 3096 DC.
614 3034 686 3098 den.
707 3032 762 3113 qui
792 3033 859 3091 DC.
885 3032 958 3102 den.
983 3034 1038 3114 qui
1068 3035 1190 3094 faciunt
1221 3037 1281 3098 sol.

181 3116 305 3176 faciunt
327 3117 383 3178 sol.
406 3117 474 3179 XV.
493 3114 659 3195 culpabilis
677 3114 763 3174 iudi·
792 3113 866 3176 XV.
879 3115 963 3197 culp.
976 3115 1042 3182 iud.
1062 3126 1195 3199 excepto
1207 3137 1276 3202 cap,

181 3209 283 3276 cetur,
297 3206 430 3277 excepto
455 3197 548 3278 capit.
562 3206 593 3256 et
611 3197 764 3273 dolatura.
796 3205 827 3257 et
854 3194 910 3255 dil.

222 3281 262 3342 V.
302 3279 424 3360 Siquis
440 3279 618 3359 porcellum
632 3279 764 3338 luraue-
833 3279 872 3338 V.
914 3277 1282 3359 Siquisporcellumfu·

181 3361 235 3438 rit,
257 3361 313 3443 qui
331 3362 400 3420 sine
413 3369 511 3419 matre
526 3359 761 3442 viuercypossit,
791 3357 931 3435 merit,
948 3360 1004 3438 qui
1027 3361 1094 3420 sine
1111 3371 1208 3421 matre
1227 3361 1280 3424 vi-

181 3447 291 3518 (mcc.
313 3440 489 3524 Ymnisfitlc,
509 3444 573 3500 siue
587 3444 762 3518 therlecun)
793 3460 869 3500 uere
888 3449 1008 3520 polest,
1033 3443 1098 3506 Xl..
1124 3443 1279 3524 den.'qoi

181 3525 216 3584 in
237 3525 306 3590 XL.
327 3525 399 3585 den.
414 3522 470 3602 qui
487 3524 610 3583 faciunt
625 3523 763 3583 solidum
792 3521 914 3582 faciunt
927 3522 1062 3583 solidum
1078 3525 1101 3583 l.
1114 3525 1198 3606 culp.
1211 3524 1280 3591 iud.

181 3627 294 3684 unum,
315 3605 481 3686 culpabilis
502 3604 680 3682 iudicetur,
704 3626 763 3666 cx·
794 3625 862 3668 cxc.
878 3626 944 3686 cap.
966 3613 997 3664 et
1019 3606 1074 3666 dil.

181 3699 273 3768 cepto
293 3687 428 3767 capitale
454 3696 486 3748 et
508 3687 660 3748 delatura.
1172 3733 1174 3739 .

222 3771 279 3834 Vl.
322 3771 354 3832 si
374 3769 446 3850 quis
473 3772 623 3830 Scrovam
648 3767 763 3828 subba-
832 3767 889 3828 VI.
930 3767 1287 3849 Siqulcsccouamsub«

179 3852 259 3936 polit
271 3853 304 3912 in
318 3855 450 3927 furtum,
469 3851 763 3927 (mm-varachalt)
792 3851 886 3911 battit
903 3859 941 3922 u)
957 3849 994 3929 *in
1013 3854 1116 3931 lucto,
1138 3853 1199 3915 hcc
1221 3865 1280 3932 est,

180 3937 215 3996 in
237 3937 356 4001 CCLX.
382 3934 455 3998 den.
477 3933 534 4018 qui
559 3932 683 3992 faciunt
705 3930 763 3992 sol.
793 3932 951 4016 porcellos
978 3932 996 3991 l
1025 3943 1124 3996 matre
1153 3936 1286 4024 sluhlra-

185 1163 274 1234 TIT.
288 1165 336 1234 II.
364 1165 422 1235 De
437 1165 545 1234 furtis
562 1187 768 1258 porcorum.
789 1189 793 1198 ⁴

179 4086 535 4104 m-

180 4199 184 4205 ‘
213 4142 238 4208 s)
255 4142 309 4196 Est.
324 4149 351 4194 et
362 4141 454 4192 Baluz.
469 4140 601 4194 chranno.
620 4133 706 4194 Closs.
725 4138 780 4191 Est.
798 4136 868 4190 idest
887 4137 918 4194 dc
935 4140 1022 4208 primo
1032 4153 1125 4209 parm.
1158 4137 1178 4206 c)
1190 4139 1280 4193 Glou.

181 4212 287 4334 {231¹ch
301 4222 340 4264 est
359 4212 441 4264 Aram
461 4228 612 4280 porcorum.
700 4211 730 4278 u)
750 4207 837 4312 Closs.
855 4203 989 4290 porcellos
1012 4212 1042 4262 in
1068 4221 1164 4264 ventre
1183 4211 1282 4263 matria
