2876 4992
226 285 301 378 iio
648 307 728 374 uri
764 317 889 373 suuni

222 459 301 528 hilis
326 445 491 524 iudiuetur
517 465 653 545 exceptu
670 459 766 543 capit.

223 545 419 613 oidiluiuru.

264 627 299 690 si
317 648 396 688 vero
406 623 529 685 clavem
540 621 701 708 effregerit
713 630 768 683 uui
839 623 875 686 Si
889 623 961 706 quis
977 623 1099 686 clarem
1119 621 1277 708 effriguit,
1292 634 1321 688 ei

224 708 475 782 adulteraverit,
503 715 535 766 et
569 708 604 767 in
636 709 768 768 domum
799 707 885 768 nihii
905 709 1023 770 exinde
1041 711 1320 788 portaveritmrrr.

224 795 407 876 &ingressus
426 789 525 850 fuerit
549 799 581 850 ui
595 791 626 849 in
645 793 768 851 furtum
799 793 1053 868 norchloc).sunt
1068 790 1140 855 den.
1156 793 1259 856 lece.
1271 791 1320 874 qui

223 876 350 958 aliquid
360 874 486 935 tulierit
503 873 581 934 etei
603 873 703 935 fuerit
716 871 769 932 ad·
798 875 859 936 suc.
879 875 938 942 sol.
951 871 1086 937 XXXV·
1104 873 1190 958 culp.
1206 873 1270 936 iud.

216 995 219 1002 ι
248 959 394 1021 robatum
409 974 417 1017 I
435 955 675 1031 urruantedio)
693 964 769 1016 sunt

222 984 294 1108 gin.
305 1040 445 1102 IDCCC.
459 1038 649 1104 fuciuntsoi.
664 1036 767 1103 XLV.

223 1125 313 1206 ¹culp.
330 1121 398 1187 iud.
414 1142 482 1181 exc.
502 1131 612 1202 cap.et
628 1121 686 1182 dil.

265 1208 395 1270 sivero
410 1203 493 1264 nihil
507 1203 648 1283 tullerit,
665 1211 703 1264 ui
719 1202 768 1264 fu·

223 1280 771 1436 gIIrIIItIrI‘IIIIIu’nttIIrItIEgIlofiIIrr

188 1510 191 1517 .
224 1454 351 1520 iaciunt
364 1451 422 1520 rol.
441 1451 677 1538 xxxv.0u1p.
697 1451 768 1520 iud.

224 1602 314 1680 XII.
357 1603 422 1676 De*
440 1601 547 1674 furtis
575 1623 765 1677 servorum
798 1600 903 1676 XIII.
938 1603 1323 1678 DefurtisServorum.
1407 1603 1411 1704 i

226 1711 231 1718 “
344 1705 407 1780 vel
431 1703 646 1776 effracturis.

266 1864 301 1930 Si
329 1865 402 1949 quis
431 1885 543 1928 servus
568 1863 647 1925 foris
675 1885 765 1942 cusa,
838 1863 872 1925 Si
888 1865 961 1948 quis
980 1889 1090 1928 servus
1107 1866 1148 1929 de
1170 1867 1247 1929 foris
1263 1888 1324 1928 cusa

224 1950 314 2036 quod
329 1949 410 2012 vuiit
424 1948 580 2024 dinarius,
597 1948 765 2025 furarerit3
798 1948 886 2031 quod
904 1950 1015 2011 valent
1028 1951 1092 2010 duo
1110 1951 1185 2016 den.
1200 1953 1259 2011 fur.
1274 1970 1324 2008 ex·

225 2044 259 2097 et
276 2033 306 2096 ei
322 2033 423 2094 fuerit
442 2029 650 2112 adprobatum
664 2033 767 2104 (unu.
798 2053 869 2111 cep.
891 2053 960 2126 cap.
981 2042 1013 2093 et
1038 2032 1094 2093 dil.
1116 2042 1173 2092 aut
1191 2032 1324 2116 singulius

214 2115 375 2202 falcono)
392 2122 467 2176 sunt
490 2113 557 2178 din,
581 2110 681 2174 CXX.
705 2113 767 2174 suo.
799 2112 900 2179 CXX.
927 2122 1008 2175 ictos
1036 2116 1174 2197 accipiat
1197 2125 1249 2176 aut
1271 2135 1324 2196 pro

104 2228 106 2232 ·
225 2200 285 2265 soi,
306 2199 367 2260 ΙΙΙ.
382 2217 440 2280 pro
461 2195 591 2256 dorsum
604 2216 698 2256 suum
712 2203 768 2256 aut
799 2196 894 2257 dorso
909 2218 967 2257 suo
985 2198 1081 2262 CXX.
1101 2199 1178 2260 den.
1197 2198 1253 2284 qui
1270 2199 1325 2258 fac.

223 2281 323 2347 CXX.
339 2279 487 2362 flageiius
502 2277 664 2359 suscipiat.
798 2277 856 2342 roi.
877 2279 938 2344 ΙΙΙ.
958 2278 1044 2360 culp.
1061 2279 1129 2345 iud.

267 2361 302 2424 Si
315 2382 394 2424 vero
410 2360 498 2444 quod
518 2360 597 2421 vuiit
610 2362 676 2422 XL.
691 2358 765 2428 den.
839 2359 875 2422 Si
897 2382 977 2423 vero
992 2363 1055 2422 fur.
1076 2361 1165 2445 quod
1186 2361 1245 2424 rai,
1263 2357 1324 2420 XL.

224 2439 431 2521 involaverit,
448 2449 505 2503 uui
521 2451 687 2520 castretur,
712 2453 768 2504 aui
798 2440 874 2510 den.
895 2452 952 2505 aut
973 2451 1132 2505 castretur
1148 2454 1203 2505 aut
1216 2442 1326 2505 CCXL.

226 2527 347 2591 CCXL.
369 2526 437 2587 din.
454 2524 511 2608 qui
534 2525 659 2585 fuciunt
674 2526 766 2588 solid.
797 2526 872 2592 den.
891 2527 947 2609 qui
966 2526 1025 2592 suc.
1042 2527 1099 2588 sol.
1126 2528 1187 2594 VI.
1204 2525 1325 2597 reddat,

224 2608 287 2676 VI.
308 2608 395 2690 culp,
424 2608 492 2673 iud.
518 2607 666 2669 dominus
688 2629 766 2669 vero
798 2607 1033 2671 dominusrero
1048 2609 1131 2671 servi
1145 2608 1201 2692 qui
1214 2609 1324 2668 furtum

224 2691 312 2756 servi
335 2691 431 2776 capit,
450 2691 484 2751 in
501 2692 574 2752 loco
590 2691 745 2753 restituat.
796 2690 859 2758 fec.
881 2714 950 2777 cap.
967 2691 1001 2752 in
1019 2692 1090 2753 loco
1109 2693 1265 2755 restituat.

226 2843 335 2916 XIII.
374 2842 434 2913 De
459 2855 563 2934 rapto
583 2841 768 2934 ingenuo-u
797 2840 906 2920 X1V.
953 2844 1012 2914 De
1026 2853 1135 2936 raptu
1156 2844 1326 2936 ingenuo-

238 3027 242 3037 Ρ
301 2967 385 3013 rum
407 2941 466 3010 vel
487 2941 692 3020 mulierum,
1022 2966 1118 3018 rum.

223 3102 303 3174 Si
332 3109 397 3164 ires
422 3099 564 3163 hominis
592 3099 768 3188 ingenuam
840 3100 877 3167 si
896 3103 969 3186 quis
991 3111 1057 3167 tres
1076 3103 1225 3168 homines
1244 3100 1326 3181 iuge·
1410 3165 1411 3186 ἢ

224 3187 369 3273 pueliam
405 3183 446 3245 rie
492 3207 562 3244 casu
600 3187 769 3268 rapuerint
799 3207 866 3248 uua
891 3188 1000 3270 puella
1030 3189 1069 3250 de
1105 3211 1177 3251 casa
1213 3194 1264 3246 aut
1291 3183 1326 3242 de
1410 3249 1411 3256 ἵ

227 3278 334 3344 (uuir.
347 3267 572 3335 malzantaniui
584 3263 619 3327 id
633 3278 681 3330 est
696 3270 768 3330 mii·
800 3291 933 3331 screona
957 3270 1125 3353 rapuerint
1146 3273 1162 3344 (
1170 3291 1258 3332 uuir.
1270 3285 1328 3326 un·
1410 3263 1411 3318 I

224 3353 316 3413 'linus
333 3348 658 3416 docentinus‘deuar.
680 3353 768 3434 quod
799 3351 911 3438 tonio)
938 3363 1016 3414 sunt
1037 3354 1112 3420 den.
1130 3353 1251 3418 icco.
1276 3345 1327 3430 qui

228 3431 339 3496 evenit
359 3430 495 3492 tricinus
518 3431 611 3496 solid.
634 3434 685 3494 iili
703 3445 768 3497 tres
798 3437 859 3500 fac.
878 3435 936 3497 sol.
953 3437 1043 3497 XXX.
1062 3437 1148 3520 culp.
1170 3435 1235 3496 iud.

208 3516 412 3594 „solwvahanss
443 3514 494 3574 illi
520 3514 577 3596 qui
593 3536 690 3600 super
702 3528 768 3590 tres
842 3519 908 3596 Qui
931 3539 1029 3600 super
1048 3526 1114 3581 tres
1135 3518 1258 3580 fuerint
1273 3513 1329 3575 du·

227 3598 352 3660 fuerint
375 3596 567 3658 docentinus
584 3597 685 3666 dinur.
704 3600 768 3662 hoo
798 3600 947 3663 'centinos
974 3601 1047 3664 den.
1067 3600 1125 3685 qui
1141 3603 1203 3666 fac.
1222 3598 1276 3662 soi.
1292 3595 1329 3657 V.

226 3691 285 3758 est,
307 3680 433 3824 quilnur
451 3681 508 3823 ssi.
530 3680 669 3768 quisque
691 3682 770 3746 ilio·
800 3683 1023 3768 unusquisque
1040 3705 1152 3748 eorum
1166 3684 1251 3766 culp.
1269 3675 1329 3739 iud·

226 3786 301 3827 rum
320 3787 361 3826 cu
399 3785 489 3828 ,1u.
767 3811 769 3816 .

268 3847 335 3926 Qui
351 3787 424 3908 ctIm
439 3845 566 3928 sagittus
579 3845 702 3908 fuerint
715 3845 772 3907 do·
797 3885 799 3891 ·
840 3847 897 3911 Ilii
924 3837 1087 3933 rero'qui
1112 3869 1187 3909 curn
1212 3843 1330 3927 sagittas

221 3932 376 4016 'cautinus
393 3929 548 4007 dinarius,
568 3931 626 4012 qui
645 3930 772 3992 fuciunt
801 3933 926 3994 fuerint
947 3941 1060 3995 ternos
1079 3933 1137 3994 sol.
1154 3945 1330 4012 conponere

225 4015 430 4091 enitemur,
453 4012 538 4094 culp.
558 4013 625 4078 iud.
793 4015 924 4077 ‘faciant
957 4015 1182 4098 unusquisque
1217 4028 1332 4072 eorumf

218 4107 220 4112 “
269 4097 419 4177 Quisque
444 4093 577 4156 illorum
602 4105 769 4180 raptorum
799 4096 1006 4182 Raptorvero
1024 4098 1100 4161 111).
1115 4097 1189 4162 den.
1206 4094 1261 4176 qui
1274 4093 1329 4152 fac·

228 4201 307 4242 vero
324 4179 398 4247 liu.
411 4177 481 4252 din.
504 4177 631 4242 faciunt
647 4181 768 4244 solidos
800 4182 858 4242 rol.
884 4179 989 4248 LXII
1019 4201 1050 4245 r.
1075 4191 1208 4265 cogatur
1231 4173 1330 4240 exsol-

226 4261 334 4326 uuus
350 4259 438 4344 culp·
454 4258 519 4324 iud.
797 4283 888 4327 rere.
1060 4263 1063 4268 ’
