2906 5008
310 312 441 384 ..÷ssc1s
459 267 893 402 uummnnunfur...sv.
909 310 995 370 css:
1007 310 1071 371 nel
1163 285 1243 364 Μ

129 467 249 533 metus,
262 464 294 518 'et
307 455 337 516 ei
349 453 406 538 qui
420 455 578 517 laborasse
598 453 815 538 cognoscitur,
836 454 855 516 d
876 453 1045 518 venditore
1064 449 1243 514 incisam

132 541 173 602 ui·
191 539 367 602 satisfactio
389 539 472 598 iusta
492 537 659 599 reddatur..
1110 567 1113 575 -
1205 555 1208 565 ι
1236 545 1241 570 .›

304 654 378 718 Car.
399 653 440 719 V.
482 651 521 712 Si
534 651 699 732 ingenuum
714 651 869 712 hominem
889 647 1075 714 vendiderit.
1193 646 1243 736 ζ’)

139 829 143 842 ,
214 771 240 832 1.
281 769 315 830 si
336 767 409 850 quis
436 767 615 850 ingenuum
639 767 835 846 vendiderit,
854 789 930 832 cnm
948 767 1005 830 ille
1026 747 1240 832 suamlsabe-

129 863 185 920 ret
201 851 432 924 libertatem,is
446 851 503 932 qui
524 871 598 912 eum
618 851 812 926 vendiderit,
826 851 959 915 reducat
980 871 1054 912 eum
1075 851 1107 912 iu
1129 851 1246 924 munau

131 957 239 1013 suum,
262 943 294 999 et
318 935 465 998 restituat
487 933 517 994 ei
539 933 719 996 libertatem
741 933 826 994 sicut
842 933 930 1016 prius
950 932 1074 1010 habuit,
1096 941 1131 1008 et
1149 951 1241 1011 corass

131 1029 233 1106 ponat
252 1017 282 1078 ei
298 1015 510 1100 quadraginta
530 1015 671 1084 solidos,·
698 1024 831 1096 excepto
856 1015 944 1096 quod
970 1015 1107 1098 emptori
1127 1015 1242 1090 icadas

133 1105 226 1189 plum
246 1100 396 1183 pretium,
417 1098 505 1180 quod
526 1097 660 1178 accepit,
683 1107 816 1180 cogatur
836 1099 1011 1166 exsolvere.

216 1184 261 1245 ll.
303 1177 424 1248 Similis
447 1179 529 1241 ratio
551 1177 725 1260 dupliciter
746 1181 786 1240 de
807 1180 936 1242 feminis
956 1187 1114 1264 servetur.

216 1265 277 1328 ΙΙΙ.
317 1265 359 1324 Et
379 1259 405 1324 si
428 1284 502 1324 eum
522 1263 575 1322 vel
598 1261 687 1321 illam
703 1261 781 1322 foris
802 1261 969 1345 provincia
990 1261 1184 1339 vendiderit,
1207 1270 1242 1325 et

134 1350 249 1411 iterum
271 1347 434 1408 reducere
454 1365 519 1405 non
538 1345 699 1426 potuerit,
722 1353 799 1408 tunc
822 1365 895 1406 cum
917 1344 1091 1428 weregildo
1112 1365 1243 1428 compo-

133 1442 202 1506 nat,
224 1430 286 1492 hoc
308 1439 371 1508 cst,
402 1436 533 1489 centum
556 1427 721 1510 sexaginta
742 1426 861 1489 solidos
882 1427 982 1488 solvat
1002 1427 1197 1510 parentibus.

296 1545 372 1607 Cir.
395 1545 471 1629 VI..
497 1541 536 1602 Si
558 1563 680 1603 servum
698 1543 865 1632 proprium
889 1541 1083 1628 vendiderit.

107 1731 111 1742 ‚
219 1663 253 1724 Si
277 1662 349 1744 quis
373 1681 502 1722 servum
524 1679 619 1721 suum
646 1658 847 1736 vendiderit,
884 1659 1038 1733 (forsitan
1068 1658 1137 1722 eius
1164 1679 1241 1720 uec·

135 1743 226 1808 ciens
247 1746 415 1805 facultates
435 1763 514 1823 quas
532 1742 679 1820 habebat,
701 1743 849 1803 domiuus
871 1742 940 1804 eius
963 1751 1152 1826 potestatem
1180 1739 1241 1801 ha-

135 1830 221 1904 beat,
245 1827 303 1909 qui
320 1835 370 1898 ta)
393 1846 468 1886 eum
483 1823 678 1903 vendiderit,
698 1823 889 1909 requirendi
904 1845 956 1888 res
971 1825 1038 1889 eius
1054 1825 1241 1910 ubicunque

136 1909 286 1975 iuvenire
309 1908 462 1994 potuerit.
876 1941 877 1944 ¹
1037 1926 1042 1938 ⁸
1075 1947 1078 1954 -

144 2019 151 2110 J
241 2025 316 2086 Cas.
338 2009 418 2086 Vll.¹
464 2020 503 2082 Si
526 2041 636 2084 servus
659 2019 699 2083 de
725 2041 781 2084 suo
805 2016 912 2102 fuerit
939 2019 1128 2106 redemptus.

173 2183 176 2190 .
218 2140 253 2202 Si
276 2139 349 2223 quis
369 2158 481 2202 servus
501 2135 541 2197 de
562 2135 691 2220 peculio
715 2158 775 2199 suo
795 2136 895 2200 fuerit
909 2117 1105 2221 redemptus,
1127 2145 1161 2198 et
1175 2134 1245 2200 hac

138 2224 289 2288 dominns
313 2221 383 2283 eius
402 2221 485 2282 forte
509 2218 671 2298 nescierit,
692 2219 732 2282 de
753 2219 875 2281 domini
901 2229 1054 2302 potestate
1074 2239 1140 2280 non
1161 2240 1247 2282 aue-1

139 2315 188 2378 εἰς
218 2306 380 2389 quianon
400 2300 551 2388 pretium,
571 2302 628 2364 sed
647 2323 699 2366 res
718 2302 801 2366 servi
821 2300 892 2381 sui,
913 2302 990 2366 dum
1011 2302 1158 2387 ignorat,
1189 2322 1244 2364 ac·

139 2389 235 2474 cepit.

413 2501 489 2568 Cas.
510 2499 607 2568 VIII.
648 2499 697 2561 De
710 2498 960 2592 commutatione.

220 2617 446 2696 Commutatio,
469 2617 532 2679 hoc
550 2625 598 2680 est
622 2617 710 2700 quod
722 2616 872 2698 camisias,
893 2619 990 2682 talem
1010 2615 1140 2704 qualem
1153 2639 1248 2706 emp-¹⁴

138 2699 185 2761 tio
205 2699 322 2762 haheat
342 2701 533 2789 firmitatem.

392 2816 468 2878 Cas.
491 2813 554 2883 lx.
594 2785 644 2877 De
665 2782 851 2877 venditionis
865 2811 987 2897 forma.

220 2930 248 2996 Ι.
289 2929 498 2993 Venditiouis
526 2929 607 2991 haec
634 2930 737 2992 forme
772 2939 915 2995 servetur
945 2939 982 2993 ut
1007 2951 1065 2994 seu
1093 2951 1146 2997 res
1181 2953 1246 2998 seu

139 3013 348 3096 mancipium,
371 3015 424 3074 vel
445 3012 733 3094 quodlibctgeuus
751 3012 938 3086 animalium
960 3014 1122 3092 venditur,
1144 3036 1247 3084 nemo-

139 3105 309 3176 propterea
334 3096 523 3164 firmitatem⁴
542 3093 735 3156 venditionis
766 3093 926 3178 inrumpat
952 3096 1039 3178 quod
1066 3097 1172 3175 dicat,
1202 3116 1245 3170 sse·
1299 3158 1302 3163 ,

139 3177 198 3238 vili
219 3181 324 3260 pretio
347 3177 551 3248 vendidissc‚·
577 3178 634 3239 sed
653 3185 822 3261 postquam
848 3179 969 3243 iactum
996 3189 1044 3242 est
1063 3181 1239 3262 negotium,

140 3279 206 3320 non
231 3261 271 3321 sit
293 3269 457 3321 mutatum.

171 3353 173 3358 '
212 3341 267 3409 lI.
307 3343 374 3406 Nisi
400 3343 482 3403 forte
508 3339 624 3403 vitium
642 3337 804 3402 invenerit
824 3340 912 3425 quod
935 3342 993 3406 ille
1012 3341 1163 3408 venditor
1188 3368 1241 3409 ce·

139 3421 229 3501 lavit,
250 3425 312 3488 hoc
342 3433 406 3502 est,
429 3424 461 3484 in
484 3424 662 3506 mancipio,
684 3423 791 3483 autin
815 3424 966 3498 caballo,
999 3436 1054 3486 aut
1076 3425 1109 3488 in
1131 3428 1239 3510 quali-

140 3527 270 3588 cunque
292 3508 434 3591 peculio,
453 3506 487 3566 id
508 3515 565 3584 est,
587 3517 642 3567 aut
662 3526 806 3585 coecum,
827 3517 882 3568 aut
895 3506 1095 3588 herniosum,
1115 3521 1172 3573 aut
1190 3534 1247 3574 ca-.

141 3587 262 3650 ducum
281 3598 333 3667 cc),
360 3599 415 3650 aut
435 3589 602 3669 leprosum.

224 3673 286 3738 Ill.
330 3673 367 3733 ln
392 3669 583 3732 animalibus
602 3680 709 3732 autem
736 3679 812 3733 suut
833 3669 916 3735 vitia
935 3692 1019 3755 quaa
1045 3668 1241 3757 aliquotiens

143 3753 248 3814 celare
270 3762 373 3837 potest
394 3753 553 3814 venditor.
907 3777 911 3785 ‚,
966 3779 983 3788 ··

149 3874 153 3878 -
226 3837 281 3898 lV.
323 3837 358 3898 si
384 3845 492 3896 autem
517 3833 667 3897 venditor
697 3833 815 3899 dixerit
843 3836 976 3917 vitium,
1008 3846 1072 3902 stet
1104 3839 1249 3931 emptica,

142 3939 208 3981 non
232 3929 337 4002 potest
357 3925 491 3978 mutare.
1143 3919 1162 3951 ’·

212 4186 317 4257 wl'Uu.
337 4189 403 4242 cad.
419 4189 543 4258 forsitan
559 4208 591 4269 eo
618 4189 753 4266 nesciente
773 4193 935 4260 fucultatem
951 4165 1140 4266 melitiani
1153 4175 1211 4269 ple.

140 4256 173 4328 ,¹t)
190 4258 299 4313 Heruli
319 4255 454 4314 claudum.
491 4257 523 4315 ln
541 4275 620 4327 marg,
638 4259 804 4317 cadivum„
920 4259 927 4271 '
975 4271 978 4276 ·
1179 4265 1248 4298 aaz
