2826 4998
403 273 506 344 izers
525 285 676 352 sauata
694 282 767 345 rar.
785 279 882 343 tant
1156 271 1205 346 71

98 431 180 504 I'tr.
203 429 342 506 LVIII.
393 431 451 502 De
468 429 680 524 corporibus
708 426 800 498 'Fran
824 424 946 500 LVII.
994 419 1054 500 De
1077 452 1202 528 corpo.¹

239 608 242 620 Ι
289 529 486 624 expoliatis.
780 527 883 596 ribus
908 528 1109 620 expoliatis.

132 692 160 760 I.
200 693 236 755 Si
266 691 338 774 quis
363 713 477 774 corpus
503 688 599 752 occisi
622 687 679 750 ho·
747 692 774 756 1.
817 689 853 753 Si
873 689 946 774 quis
962 714 1078 778 corpus
1092 693 1202 758 homi-

97 777 203 854 minis,
226 775 397 856 antequam
417 777 450 836 in
471 783 587 834 terram
602 772 678 832 mit·
705 771 898 853 nismortui,
912 777 1202 860 antequamioter·

97 869 176 919 tatur
200 867 270 934 w),
306 856 543 939 exspoliaverit,
566 863 678 932 (naas.
704 876 774 916 ram
803 855 965 936 mittatur,
991 880 1051 942 per
1076 861 1201 922 furtum

97 941 173 1002 Cleo
204 937 353 1018 raosido)
385 939 491 1002 MMD.
515 938 589 998 den.
620 934 678 1017 qui
706 936 937 1020 expoliaverit,
960 939 1033 1002 111).
1052 941 1126 1004 den.
1164 943 1200 1006 oi

94 1024 214 1084 faciunt
226 1019 321 1087 solid.
338 1019 443 1081 LXII.
459 1027 490 1080 et
507 1019 678 1079 dimidium
704 1018 831 1082 faciunt
849 1019 908 1085 sol.
934 1021 1033 1085 [ΧΠ.
1061 1024 1093 1090 S.
1111 965 1199 1111 cddp.

95 1101 258 1186 culpabilis
275 1102 446 1163 iudicetur.
486 1103 529 1163 Et
545 1101 677 1182 antiqua
704 1099 877 1168 iudicetur.

93 1188 179 1268 lege,
200 1186 228 1246 si
240 1205 356 1266 corpus
371 1182 433 1243 iarn
447 1185 607 1266 sepultum
618 1205 676 1244 ex·
745 1181 789 1248 ll.
829 1183 864 1245 Si
878 1183 950 1265 quis
972 1186 1133 1251 tumulum
1157 1198 1199 1266 a)

93 1266 230 1346 fodierit,
253 1275 285 1327 et
313 1265 570 1348 exspoliaverit,
599 1283 677 1326 war·
703 1284 802 1346 super
833 1264 998 1329 hominem
1034 1280 1199 1333 mortuum

95 1373 146 1434 gos
161 1349 202 1410 sit
220 1369 323 1431 usque
343 1349 376 1408 in
401 1349 500 1420 diem,
522 1369 587 1430 qua
603 1369 677 1409 cum
703 1346 976 1426 expoliaveritvol
986 1349 1196 1437 dissipaverit,

93 1431 272 1517 parentibus
300 1429 399 1512 ipsius
421 1429 567 1492 defuncti
596 1450 677 1491 con·
702 1429 770 1495 DC.
786 1429 860 1491 den.
881 1429 938 1510 qui
958 1432 1082 1496 faciunt
1101 1437 1196 1500 solid.

95 1513 237 1592 venerit,
269 1521 301 1573 et
321 1512 381 1594 ipsi
400 1533 458 1596 pro
481 1533 520 1572 eo
540 1521 674 1594 rogent,
702 1509 775 1576 XV.
793 1513 846 1574 cul
870 1561 878 1576 .
899 1513 965 1575 iud.

95 1605 126 1657 ut
143 1596 228 1656 inter
247 1594 394 1655 homines
413 1595 510 1654 liceat
531 1617 563 1656 er
582 1615 674 1655 acce·
743 1591 804 1655 111.
846 1534 961 1678 Siquis
976 1595 1195 1680 aristatonem,

95 1679 180 1748 dere;
202 1687 235 1738 et
249 1675 437 1758 quicunque
460 1685 553 1737 antea
569 1677 600 1738 ei
620 1683 675 1736 ant
700 1672 763 1736 hoe
781 1685 829 1738 est
844 1678 981 1760 staplnm
996 1701 1095 1764 super
1108 1703 1197 1746 mor·

94 1781 216 1842 panem,
240 1768 295 1818 aut
307 1758 485 1842 hospitale,
507 1759 575 1820 slve
591 1779 675 1820 uxor
700 1765 795 1818 tuum
810 1757 941 1820 missum
962 1763 1002 1836 b)
1017 1764 1196 1846 capulare·

94 1863 159 1919 sua,
179 1841 248 1902 sive
272 1841 435 1924 proxima,
465 1839 494 1901 ei
522 1841 673 1918 dederit,
701 1842 769 1917 rit,
811 1849 867 1902 ant
898 1845 1101 1906 mandualem
1131 1854 1193 1926 c),

93 1921 154 1984 DC.
179 1923 255 1983 den.
284 1923 340 2004 qai
370 1923 492 1983 faciunt
520 1923 576 1986 sol.
602 1925 672 1988 XV.
702 1921 791 2002 qnod
807 1931 856 1984 est
869 1932 1029 1988 structura
1050 1925 1105 2004 d),
1125 1927 1193 1991 sire

94 2004 256 2088 culpabilis
300 2005 471 2068 iudicetur.
527 2004 672 2084 Tandem
700 2003 805 2065 selave
832 2008 954 2089 e),·qui
974 2017 1022 2070 est
1039 2008 1195 2092 ponticu-

93 2097 197 2148 auctor
213 2108 253 2147 ex
277 2089 399 2148 scelere
419 2087 475 2169 qui
493 2085 556 2146 hoo
575 2085 673 2146 admi·
700 2084 772 2157 lus,
804 2086 888 2147 sicut
919 2111 1007 2151 more
1040 2090 1195 2173 antiquo·

93 2169 160 2229 sisse
173 2170 454 2251 promtuarium.
470 2169 672 2246 Turniclrale)
698 2187 772 2228 rum
783 2167 968 2232 faciendum
979 2171 1051 2250 fuit,
1062 2172 1119 2254 qui
1129 2174 1192 2237 hoo

94 2251 206 2318 VlltM.
221 2253 295 2312 den.
309 2251 367 2332 qui
385 2251 509 2312 faciunt
525 2250 584 2317 sol.
606 2249 671 2314 CC.
700 2246 913 2331 destruxerit,
951 2263 1007 2315 aut
1028 2264 1193 2318 mortuum

93 2334 254 2414 culpabilis
274 2334 446 2394 iudicetur.
699 2330 818 2392 exinde
828 2335 1055 2415 expoliaverit,
1070 2345 1193 2398 etune-

127 2415 170 2476 11.
211 2415 247 2477 Si
286 2415 359 2498 quis
394 2413 558 2476 hominem
590 2436 674 2478 mom
698 2433 827 2496 quaque
856 2415 895 2476 de
922 2417 990 2479 istis
1016 2417 1084 2480 DC.
1115 2419 1190 2481 den.

93 2502 197 2574 tunm,
231 2517 329 2579 snper
354 2495 490 2557 alterum
516 2497 550 2558 in
579 2508 670 2580 petra
698 2494 755 2574 qui
774 2494 900 2558 faciant
925 2501 984 2561 sol.
1007 2501 1079 2566 XV.
1103 2501 1190 2586 culp.

93 2587 142 2638 ant
158 2579 191 2638 in
210 2580 308 2639 naufo
321 2585 369 2650 x)
388 2579 526 2657 miserit,
555 2588 669 2655 (araas.
697 2575 818 2639 iudicet
860 2627 867 2644 .

93 2659 238 2740 adalgus)
260 2659 318 2727 sol.
338 2659 480 2724 XXXV.
499 2661 669 2746 culpabilis
738 2659 794 2724 IV.
820 2599 869 2719 ‘Vi
905 2659 978 2741 quis
1023 2658 1190 2726 homiuem

93 2740 252 2803 indicetur.
696 2748 858 2801 mortuum
886 2763 985 2825 super
1015 2743 1115 2804 allum
1152 2746 1188 2806 in

126 2821 185 2885 111.
226 2824 260 2884 Si
274 2817 498 2904 quis'tombam
512 2831 561 2901 y),
574 2845 670 2906 super
696 2822 794 2882 naulo
815 2822 869 2885 vel
895 2825 927 2884 in
950 2833 1040 2907 petra
1065 2826 1190 2890 miserit

92 2915 240 2966 mortuom
275 2905 438 2964 hominem
468 2907 669 2986 exspoliave-
696 2901 840 2971 icccc.
873 2905 946 2971 (len.
979 2905 1035 2988 qui
1063 2909 1191 2974 faciunt

92 2985 145 3062 rit,
166 2999 271 3063 (uana.
288 2986 504 3054 Tarniclaalis)
518 2989 584 3048 DC.
594 2987 667 3049 den.
695 2987 754 3052 sol.
776 2987 908 3049 XXXV.
931 2988 1017 3072 culp.
1039 2989 1105 3055 ind.

92 3067 141 3147 qui
165 3069 288 3130 faciunt
316 3068 376 3130 sol.
402 3065 472 3134 XV.
498 3069 669 3154 culpabilis
736 3067 777 3134 V.
818 3068 853 3129 Si
880 3069 952 3151 quis
979 3091 1095 3155 corpus
1125 3073 1188 3137 iarn

92 3149 252 3218 iudicetur.
694 3151 856 3232 sepultum
875 3151 1043 3230 effoderit,
1065 3165 1189 3219 autex-

125 3232 180 3296 lV.
221 3233 255 3294 Si
283 3230 358 3316 quis
385 3228 445 3293 che
476 3231 553 3294 rista
581 3231 668 3296 duna
693 3234 883 3374 polluerit,
913 3236 1050 3317 Wargus
1061 3237 1105 3318 f)
1125 3239 1186 3319 sit,

92 3335 177 3398 super
196 3313 360 3376 hominem
387 3323 548 3375 mortuum
572 3335 667 3397 capu·
718 3335 757 3376 oe
786 3323 851 3394 est,
884 3317 1037 3398 expulsus
1062 3318 1102 3380 de
1135 3342 1189 3384 eo-

92 3394 214 3472 laverit,
244 3405 357 3472 (aluo.
380 3395 585 3474 Mundoodo,
614 3409 667 3458 aut
695 3395 768 3457 dem
783 3419 883 3480 pago,
904 3418 1006 3481 usqne
1029 3399 1106 3462 dam
1127 3423 1188 3486 pa·

92 3476 211 3558 Silaos)
231 3479 320 3562 qood
337 3486 385 3538 est
402 3477 583 3558 porticulus
610 3500 627 3538 z
636 3487 666 3555 J,
694 3477 838 3550 rentibus
858 3479 1004 3541 defuncti
1021 3498 1188 3547 convene-

92 3580 178 3640 super
198 3561 361 3622 hominem
390 3569 551 3620 mortuum
582 3561 667 3621 deie·
693 3559 747 3635 rit,
768 3569 804 3620 nt
814 3561 913 3643 etipsi
925 3571 1073 3642 parentes
1083 3567 1186 3648 rogati

92 3641 173 3720 ecrit,
186 3643 224 3704 de
239 3661 432 3724 unaquaque
449 3643 549 3716 (usas.
565 3641 666 3705 Clareo
693 3639 759 3704 sint
769 3663 829 3732 pro
844 3663 901 3720 eo,
924 3653 961 3704 ut
975 3640 1073 3708 liceat
1085 3647 1117 3709 ei
1132 3649 1188 3710 iu·

94 3803 490 3828 bnt-*ffl-

149 3887 184 3954 w)
201 3885 235 3941 Iu
253 3905 333 3955 marg.
352 3888 383 3938 in
392 3886 518 3958 surtum3
549 3887 622 3941 olias
637 3887 818 3961 persurtum.
861 3887 896 3958 a)
914 3890 948 3942 ln
964 3907 1046 3962 marg.
1064 3894 1183 3953 onacho.

88 3951 119 4020 yi
136 3958 166 4008 ln
182 3975 251 4025 marg
283 3958 418 4010 tomolam.
451 3983 453 3988 ·
488 3974 504 4009 z
532 3957 566 4009 In
590 3975 670 4026 marg.
694 3959 811 4030 stafflas.
881 3966 915 4024 a)
941 3961 1028 4016 Gloss.
1056 3967 1185 4032 tumbam,

92 4023 118 4077 b)
133 4026 215 4078 Baluz.
232 4028 368 4098 stapplum
383 4029 434 4098 qui
446 4043 529 4096 super
539 4040 672 4080 mortuum
688 4031 783 4081 missus
801 4039 848 4085 est.
920 4035 949 4096 ᾳ)
967 4033 1055 4091 Gloss.
1073 4037 1189 4102 cancel«,

92 4092 138 4143 lum
157 4098 203 4168 qui
225 4095 340 4166 desuper
365 4098 494 4148 tumulum
521 4109 584 4146 stat.
652 4095 790 4166 d)Baluz.
812 4094 889 4172 quod
910 4112 950 4152 est
976 4117 1010 4156 ea
1030 4115 1181 4170 structura.
1202 4103 1206 4112 ’

92 4167 117 4218 a)
131 4163 225 4228 Guelll.
241 4167 338 4227 sotice.
356 4165 461 4220 sittaba
531 4167 574 4238 f)
591 4164 680 4224 Gloas.
697 4163 817 4227 darocam
835 4177 861 4227 et
878 4171 1021 4246 expulsas.
1154 4193 1156 4197 ·
1202 4173 1204 4180 ⁴
