2826 4998
227 257 275 332 58
528 275 632 332 tems
651 275 799 330 sanctu
829 275 904 332 ur.
923 274 1029 332 unu

219 418 285 480 lem
307 417 456 494 collocet,
479 423 511 477 et
535 414 574 476 sd
591 424 713 496 septem
731 435 811 475 noc·
883 413 942 480 IX.
985 411 1081 492 Quod
1120 413 1148 476 si
1187 413 1324 480 dominus

219 510 267 562 tes
279 499 432 583 placitum
449 497 604 558 concedat
617 504 672 580 p),
692 505 729 558 ut
744 517 813 557 ser·
838 498 923 559 servi
936 497 1096 578 supplicia
1115 495 1276 559 distulerit
1297 512 1325 562 et

219 606 297 646 vum
319 582 359 644 ad
377 581 572 664 supplicium
591 579 703 640 tradat.
746 577 811 654 Qui
840 601 949 642 servus
967 599 1117 660 praesens
1135 580 1325 658 fuerit‚con-

220 667 247 727 si
266 665 371 725 adhuc
396 674 517 745 septem
536 660 684 722 noctibus
702 661 814 742 imple·
840 663 934 722 tiuuo
955 662 1022 743 ipse
1040 661 1248 744 quirepetit,
1274 663 1326 724 do·

218 750 260 810 tis
278 768 405 810 servum
420 745 547 806 tradere
570 743 744 815 distulerit,
759 765 811 803 so·
841 744 928 804 mino
950 745 1035 806 servi
1062 743 1164 804 solem
1184 746 1325 823 collocet,

219 830 285 890 lem
305 829 345 905 ei,
370 828 467 908 isqui
486 826 586 906 petit,
611 826 725 886 iterato
743 826 812 884 col·
841 838 874 888 et
897 826 936 886 ad
957 835 1078 908 septem
1101 835 1214 888 noctes
1234 829 1325 910 placi-

218 914 305 974 locet
321 933 395 972 cum
413 909 556 984 testibus,
580 918 611 969 et
630 908 675 969 sic
696 909 812 968 iterum
840 921 909 970 tum
928 909 1094 986 concedat,
1109 918 1145 970 ut
1155 931 1283 973 servum
1292 911 1326 972 ad

221 995 261 1055 ad
279 995 356 1054 alias
380 1002 502 1074 septem
527 999 637 1052 noctes
659 991 813 1074 placitum
841 990 998 1074 supplicia
1017 993 1129 1056 tradat.

219 1077 329 1152 faciat,
350 1075 384 1136 id
408 1084 466 1152 est,
485 1074 517 1132 iu
541 1074 647 1138 XIIII.
670 1071 813 1136 noctesd
884 1077 925 1136 X.
968 1073 1000 1134 Si
1016 1073 1102 1133 infra
1121 1084 1245 1158 septem
1262 1098 1327 1137 noc·

194 1159 322 1240 ‘prima
359 1156 577 1218 admonitione
605 1158 813 1238 compleatur.
840 1167 889 1218 tes
905 1177 1033 1218 seruum
1047 1156 1086 1216 ad
1105 1158 1328 1240 suppliciadis-

223 1241 319 1320 Quod
335 1240 361 1300 si
381 1239 521 1322 impletis
541 1237 650 1303 Xllll.
666 1238 813 1298 noctibus
841 1239 954 1304 tulerit
967 1238 1107 1316 tradere,
1122 1241 1225 1301 solem
1242 1241 1271 1302 ei
1280 1242 1328 1302 ite-

197 1375 198 1380 ,
222 1345 351 1384 servum
373 1322 515 1382 noluerit
546 1321 586 1382 ad
620 1320 814 1403 supplicium
841 1332 910 1382 rato
925 1323 961 1398 is,
974 1320 1031 1401 qui
1046 1324 1174 1402 repetit,
1187 1323 1326 1400 collocet,

220 1405 359 1483 tradere,
373 1426 500 1465 omnem
518 1415 643 1465 causatu
662 1404 715 1464 vel
729 1425 813 1464 com-
843 1404 927 1468 etsie
939 1405 1107 1464 iterumad
1121 1404 1201 1466 alias
1216 1417 1325 1488 septem

220 1488 415 1570 positionem
427 1486 574 1547 dominus
585 1487 617 1545 in
627 1507 658 1546 se
668 1486 812 1568 recipiat,
841 1497 951 1548 noctes
975 1485 1129 1568 placitum
1144 1489 1281 1566 tribuat,
1299 1488 1326 1547 td

221 1562 285 1631 hoc
303 1579 360 1647 est,
373 1569 399 1630 si
418 1569 489 1630 talis
506 1591 615 1630 caussa
629 1569 740 1646 luerit,
754 1589 813 1627 un·
841 1578 907 1646 est,
935 1577 970 1628 ut
990 1564 1211 1634 XIV,'noctes
1235 1572 1252 1630 ai
1272 1569 1327 1651 pri-

223 1653 262 1713 de
273 1653 439 1732 Ingenuus
455 1653 521 1716 Dc.
533 1651 607 1716 den.
619 1650 674 1731 qui
688 1649 813 1712 faciunt
841 1673 890 1710 ma
911 1651 1130 1714 admonitione
1157 1653 1327 1736 complean.

221 1736 280 1801 sol.
297 1736 367 1795 XV.
385 1735 526 1817 potuerit
542 1754 745 1815 componere,
767 1733 813 1816 ip·
840 1744 902 1798 tur.

215 1839 255 1880 se
277 1817 427 1878 dominus
445 1837 503 1898 pro
525 1837 617 1876 servo
636 1815 760 1880 reddat.
882 1815 942 1877 XI.
986 1815 1082 1898 Quod
1126 1817 1153 1878 si
1199 1815 1327 1898 impletis

263 1899 304 1964 V.
346 1900 442 1977 Quod
462 1899 488 1958 si
508 1899 612 1958 adhuc
630 1897 730 1958 maior
746 1897 812 1958 cul·
842 1897 932 1962 XIV.
959 1898 1107 1960 noctibus
1128 1921 1256 1961 servum
1276 1920 1327 1958 no-

222 2005 264 2066 pa
283 1983 393 2058 fuerit,
414 1982 453 2042 de
472 2003 535 2063 qua
548 2002 660 2042 servus
676 1980 813 2060 requiri·
842 1981 940 2044 luerit
955 1981 993 2040 ad
1004 1981 1163 2064 supplicia
1174 1983 1259 2058 dare,
1270 2003 1324 2040 om-

223 2075 289 2144 tur,
306 2075 340 2126 et
359 2064 510 2126 dominus
524 2063 609 2124 servi
624 2083 688 2133 nou
704 2073 739 2122 ut
750 2083 813 2123 ser·
844 2087 919 2125 nem
943 2085 1067 2124 causam
1089 2075 1121 2124 et
1137 2062 1328 2146 compositio-

223 2170 282 2210 vus
301 2149 422 2223 solvat,
453 2146 510 2207 sed
525 2154 562 2206 ut
583 2146 748 2226 Ingenuus
766 2153 814 2205 to·
846 2146 1325 2227 nemdominusiiascexcipiat,¹

223 2239 288 2289 tam
304 2231 409 2312 legem
425 2250 569 2311 superse
585 2225 746 2303 soluturus
762 2249 815 2288 ex·
844 2231 907 2292 hoc
921 2239 978 2306 est,
1001 2239 1035 2288 ut
1048 2228 1074 2288 si
1093 2229 1164 2290 talis
1181 2229 1299 2290 causas
1317 2260 1326 2270 -

224 2312 333 2394 cipiat.
846 2313 936 2390 erit.
955 2311 994 2372 de
1017 2333 1078 2392 qua
1097 2313 1257 2393 ingenuus
1270 2310 1326 2368 DC.

269 2395 325 2460 Vl.
369 2393 510 2476 Quodsi
534 2415 610 2456 vero
629 2412 741 2454 servus
763 2391 814 2450 ab·
846 2396 954 2456 denar.
979 2395 1036 2474 qui
1068 2395 1193 2454 faciunt
1221 2392 1326 2454 solidos

225 2499 298 2539 sens
318 2478 427 2555 suerit,
453 2477 600 2537 dominus
625 2475 742 2536 serviit
764 2495 817 2533 rc·
845 2477 916 2542 XV,
927 2497 1118 2557 componere
1133 2477 1256 2551 debeat,
1270 2482 1327 2533 tan·

223 2559 408 2643 petentibus
425 2557 694 2628 tertioadmoneri
709 2556 816 2630 debet,
844 2571 913 2621 tum
927 2560 994 2641 ipse
1015 2558 1160 2618 dominus
1171 2558 1253 2636 servi
1266 2554 1327 2616 red-

225 2653 262 2704 ut
270 2664 397 2705 servum
407 2664 501 2702 suum
513 2642 597 2700 intra
612 2647 733 2721 septem
742 2660 816 2698 noc·
847 2645 909 2705 dat.

224 2736 274 2787 tes
301 2725 416 2786 debeat
441 2731 660 2807 praesentare;
685 2721 817 2802 quodsi
886 2724 960 2788 XII.
990 2723 1037 2783 'Si
1053 2743 1131 2783 vero
1143 2722 1245 2782 maior
1266 2717 1328 2778 cul-

227 2830 293 2867 non
313 2808 449 2879 fecerit,
472 2815 550 2868 tuno
576 2814 724 2887 repetens
744 2825 817 2863 cum
846 2830 885 2889 pa
906 2805 1005 2865 fuerit
1029 2805 1067 2864 de
1093 2826 1157 2886 qua
1181 2805 1328 2884 ingenuus

140 2892 142 2902 ¹
226 2890 359 2950 testibus
374 2889 475 2950 solem
494 2889 543 2949 illl
561 2889 708 2962 collocet,
725 2895 756 2946 et
772 2885 817 2944 sle
848 2888 984 2950 IDCCC.
1022 2887 1160 2946 denariis
1198 2883 1254 2968 qui
1287 2884 1328 2940 fat-

227 2973 268 3032 ud
291 2971 368 3034 alias
385 2970 459 3032 VII.
475 2981 584 3032 noctes
599 2968 751 3052 placitum
768 2967 819 3027 illi
848 2971 938 3034 ciunt
971 2969 1089 3030 solidos
1120 2967 1222 3030 XLV.
1252 2985 1328 3026 com-

228 3055 395 3116 concedat.
438 3053 472 3115 si
492 3064 571 3113 tnnc
597 3072 726 3112 servum
753 3071 816 3109 non
847 3074 969 3137 ponere
997 3052 1134 3129 debeat,
1178 3060 1211 3112 et
1240 3044 1328 3110 domi·

226 3134 489 3218 praesentaverit,
499 3144 819 3215 tuncrepetenscum
850 3159 909 3196 nus
929 3156 1054 3196 servum
1073 3151 1138 3194 nou
1158 3138 1328 3214 praesenta·

227 3219 362 3279 testibus
387 3217 486 3277 solem
497 3216 547 3275 tlli
564 3216 702 3276 collocet
727 3215 822 3274 tertia
849 3219 947 3295 verit,
972 3217 1076 3298 ipsum
1100 3235 1269 3278 nnmerum
1288 3231 1347 3286 so·-

229 3300 300 3360 vice
316 3299 420 3359 adhuc
436 3298 476 3357 ad
494 3309 616 3380 septem
639 3307 758 3374 noctem
777 3298 821 3358 ita
849 3301 989 3360 lidorum
1016 3299 1129 3359 reddat
1149 3308 1182 3358 et
1205 3292 1328 3378 capitale

218 3393 266 3442 ut
286 3390 370 3442 totus
394 3401 546 3440 numerus
563 3381 603 3440 ad
628 3381 717 3442 XXI.
742 3401 822 3440 noc·
850 3383 883 3442 in
906 3384 1012 3441 locum
1027 3381 1180 3442 restituat.

229 3473 296 3525 tem
314 3463 489 3548 pervenit:
520 3463 651 3545 quodsi
677 3483 734 3544 per
762 3463 823 3522 tria
892 3463 986 3528 XllI.
1030 3463 1328 3537 Quodsiadhucma-

228 3545 314 3608 haec
331 3546 447 3628 placita
471 3567 598 3606 servum
622 3544 765 3605 noluerit
783 3545 821 3604 li·
848 3531 900 3607 ior.
916 3545 1010 3626 culpa
1026 3545 1135 3622 fucrit,
1154 3567 1235 3624 quae
1248 3559 1330 3603 servo

232 3639 337 3710 gutum
355 3628 522 3710 suppliciis
542 3629 635 3706 dare,
663 3637 822 3708 autprac·
851 3629 1049 3710 requiritur,
1082 3627 1229 3688 dominus
1257 3619 1329 3686 serni

232 3721 369 3786 sentare,
381 3721 412 3771 et
425 3719 530 3770 tamen
549 3732 607 3792 per
621 3709 747 3791 singula
760 3711 825 3792 pla·
853 3733 917 3771 uon
934 3721 970 3770 ut
985 3731 1107 3786 servus,
1127 3711 1182 3771 sed
1196 3719 1230 3770 ut
1251 3710 1327 3785 iuge·

235 3794 296 3854 cita
308 3793 336 3852 ei
346 3794 757 3871 solemcollocaverit‚tunc
771 3793 825 3852 do·
853 3816 935 3862 nnus
954 3801 1051 3852 totam
1075 3793 1180 3875 legem
1197 3809 1288 3876 super
1301 3804 1329 3846 se

233 3877 338 3936 minus
351 3875 436 3937 servi
455 3896 581 3935 omnem
600 3874 824 3958 repetitionem
853 3877 1025 3937 solviturus
1044 3875 1188 3956 accipiat.

235 3981 300 4018 uon
325 3957 452 4039 qualem
473 3959 678 4033 servus,sed
696 3957 824 4045 qualem
894 3956 986 4020 XIV.
1029 3959 1062 4018 si
1098 3967 1201 4017 autem
1232 3968 1332 4016 servus

234 4044 411 4124 Ingenuus,
434 4039 459 4100 si
476 4039 741 4117 hocadmisisset,
755 4049 823 4100 tan·
854 4041 966 4103 absens
978 4041 1087 4120 fuerit,
1106 4040 1266 4101 domiuum
1276 4050 1332 4118 ser·

196 4289 198 4298 .
308 4213 341 4284 Ρ)
360 4214 394 4268 In
412 4230 491 4281 marg.
503 4215 604 4287 fucere
623 4213 708 4270 debet.
