2900 5020
381 251 785 312 en1eruurfluooeu1c1
805 255 909 312 sums
1168 241 1246 313 393

140 391 196 461 63..
210 387 247 450 Si
271 379 418 450 matrona
457 389 551 456 vidui
570 394 680 454 uolens
706 393 757 459 82.
778 393 900 475 Siquis
920 400 1068 478 ingenuus
1084 397 1244 460 distralsa-

222 487 442 556 corrumpatar
461 500 480 539 a
499 496 597 550 seruo.
790 491 850 537 tur.
984 553 991 566 Ιχ
1040 563 1043 568 ,

140 553 190 616 63.
212 553 249 613 Si
277 574 383 614 servus
406 558 525 618 alienus
542 570 596 618 aut
613 559 680 620 ori·
706 556 756 620 83.
780 560 842 640 Qui
868 564 1034 644 ingenuum
1061 563 1245 642 caelaverit,

224 637 365 714 ginarius
406 642 570 720 ingenuam
610 641 681 700 air·-
786 643 980 725 vendiderit,
994 647 1246 710 oelscienscomi

220 720 321 795 ginem
342 739 402 802 per
433 725 500 783 aim
531 742 682 804 corrupe-
784 731 954 805 paraverit.

225 801 278 864 rit,
705 804 755 883 84.
782 807 929 892 Quisquis
955 829 1079 872 serrum
1107 807 1245 892 alienum

140 878 191 954 64,
211 877 249 940 Si
274 883 343 964 quis
372 885 520 947 ancillam
546 881 681 945 alienam
786 903 840 950 aut
856 893 1000 954 colonum
1021 894 1121 954 sciens
1128 891 1245 976 sugiti-¹

223 977 276 1029 out
293 966 498 1044 originariam
524 968 681 1045 uirginem
787 992 856 1032 oum
870 978 1050 1060 susceperit.

224 1051 412 1127 corruperit.
537 1050 541 1057 ’
705 1049 755 1116 85.
776 1050 814 1113 Si
834 1076 944 1118 servos
969 1059 1173 1132 sollicitatos,
1196 1053 1245 1115 vel

141 1123 190 1188 65.
215 1126 353 1208 Quoties
378 1151 410 1189 se
436 1133 568 1194 ancillae
592 1132 680 1209 iuge·
787 1135 825 1198 ab
856 1139 956 1202 altero
980 1139 1074 1222 surto
1099 1137 1243 1215 ‘ablutos,

190 1223 195 1234 “
221 1227 320 1285 nuris,
362 1213 574 1293 originarius,
626 1224 681 1273 aut
785 1224 964 1306 susceperit.

223 1309 333 1349 servus
354 1296 520 1356 miscuerit.
703 1297 754 1366 86.
777 1301 841 1384 Qui
851 1325 973 1364 servum
989 1303 1124 1372 alienum
1134 1303 1241 1362 inuito

139 1369 188 1431 66.
212 1372 340 1452 Quoties
359 1396 391 1434 se
408 1377 598 1458 originariae
615 1397 679 1438 ser·
784 1382 912 1448 domino
935 1385 1023 1472 apud
1043 1407 1077 1447 se
1099 1384 1245 1446 detinue-

222 1472 275 1511 vns
302 1456 422 1518 alienus
449 1473 503 1521 aut
528 1461 678 1539 ingenuus
786 1467 838 1527 rit.

221 1535 397 1606 sociaverit.
703 1547 753 1622 87.
776 1547 904 1631 Insuga
920 1552 1059 1634 positum
1078 1571 1213 1615 servum.

143 1613 251 1697 epse
277 1620 466 1698 originarius
494 1623 615 1686 alienus
645 1645 677 1685 se
702 1629 754 1692 88.
776 1630 815 1690 Si
846 1634 995 1706 abactor,
1035 1634 1241 1710 sollicitator,

101 1695 104 1699 ’
223 1697 412 1776 originariae
433 1709 588 1776 iunxerit.
786 1714 924 1794 ausfur,
946 1731 1107 1800 antequam
1129 1735 1243 1775 conue-

141 1777 192 1840 68.
213 1777 250 1836 Si
279 1786 451 1862 originaria
479 1787 519 1848 de
545 1790 677 1869 ingenuo
786 1797 911 1874 niatur,
933 1812 1071 1859 mortuus
1087 1795 1200 1877 fuerit.

220 1859 288 1920 solo
310 1868 434 1930 exierit.
702 1876 754 1958 89.
775 1877 811 1937 Si
839 1881 908 1960 quis
933 1882 994 1942 sibi
1022 1879 1067 1939 ad
1090 1894 1243 1941 terrorem

87 1987 91 1990 .
140 1939 192 2022 69.
212 1939 249 1998 Si
268 1947 337 2024 quis
366 1954 516 2014 curialem
535 1953 680 2033 collegia·
783 1961 928 2020 militium
950 1961 1182 2046 confinxerunt.

228 2035 292 2082 tum
312 2042 365 2089 aut
380 2053 500 2094 servam
509 2057 568 2116 per
582 2035 678 2103 XXX.
703 2059 755 2125 90.
774 2041 812 2100 Si
830 2045 1136 2124 quistestamentum‚
1157 2042 1243 2104 codi-

221 2127 319 2166 annos
341 2117 528 2193 possederit.
785 2123 910 2204 uillam,
933 2127 1070 2206 tabulas,
1093 2127 1242 2204 rationes,

142 2204 191 2266 7ο.
212 2183 250 2244 Si
262 2208 368 2252 servus
388 2197 679 2278 adquomlibetEc·
783 2220 888 2285 gesta,
932 2209 1076 2280 libellos,
1121 2210 1243 2270 cautio-

222 2269 347 2332 clesiam
374 2281 544 2363 confugiat.
785 2309 859 2365 nes,
880 2291 1040 2373 epistolas,
1049 2287 1242 2370 infraudem

142 2368 192 2431 7¹·
214 2347 251 2408 Si
274 2357 343 2431 oscis
363 2362 396 2419 in
425 2383 535 2425 caussa
560 2363 681 2448 publici
749 2379 753 2392 “
783 2371 1111 2438 alterius'mataverit.

221 2430 323 2494 debiti
334 2441 379 2501 ad
392 2442 565 2508 Ecclesiam
576 2467 753 2535 quam-,91.
780 2453 843 2535 Qui
862 2456 989 2516 testibus
1007 2457 1171 2538 pecuniam
1189 2452 1243 2516 de-

155 2517 163 2528 '
220 2513 298 2577 libet
322 2527 550 2596 convolaverit.
787 2533 890 2613 derit,
910 2536 1070 2618 utfalsum
1084 2537 1201 2599 dicant.

141 2614 190 2677 7²⁴
211 2596 260 2654 De
278 2600 464 2685 allegatione
483 2623 680 2675 testamento·
703 2637 753 2700 9²·
774 2615 813 2676 Si
823 2637 1093 2702 sponsapersuasa
1105 2620 1242 2700 abspon-

240 2698 319 2750 ναιη,Δ
784 2720 819 2758 so
830 2698 948 2760 adeius
958 2701 1084 2762 domum
1101 2706 1246 2762 nontra-

142 2756 191 2838 73.
217 2759 266 2818 De
279 2773 515 2836 auctoritatibus
525 2793 680 2858 exequen·
786 2779 855 2840 dita
871 2786 1004 2848 uenerit.

225 2838 285 2904 dis.
330 2875 333 2882 ’
703 2865 753 2946 93.
775 2863 895 2923 Invitus
910 2879 1003 2947 pater
1006 2865 1168 2948 familiam
1186 2888 1239 2928 su-

142 2919 191 3000 74-
213 2921 262 2980 De
292 2931 432 3015 improbo
451 2935 617 3015 litigatore.
766 2945 835 3005 ‘am
851 2949 930 3006 nulli
947 2947 1023 3008 dore
1037 2951 1242 3012 inmatrimo-

144 3001 196 3082 75.·
215 3003 265 3063 De
285 3017 412 3074 armatis
430 3011 605 3079 llominibus
618 3039 679 3080 ex·
786 3029 871 3088 nium
884 3035 1015 3110 cogitur.
1224 3037 1226 3045 ‘

221 3095 415 3172 pugnandis,
436 3099 465 3157 si
482 3099 606 3162 adrem
621 3123 679 3162 ue·
702 3109 752 3192 94.
774 3111 942 3191 Parentes,
964 3114 1019 3195 qui
1038 3127 1162 3194 cogente
1185 3136 1224 3175 ne

226 3176 331 3235 nerine
346 3179 489 3246 uiolenti.
784 3194 926 3268 cessitate
924 3193 1241 3279 filiasvendiderint.

144 3248 184 3332 76
213 3251 262 3311 De
280 3255 443 3345 reddendo
462 3275 617 3326 momento
626 3279 678 3326 re·
701 3271 752 3354 95.
774 3273 839 3334 Neo
850 3296 911 3357 pro
920 3273 1051 3360 pignore
1052 3277 1176 3362 filiosa
1184 3302 1241 3366 pa-

222 3354 290 3408 rum
312 3340 502 3410 invasorum.
788 3358 927 3419 rentibus
953 3359 1035 3425 dari.

143 3435 192 3498 77.
213 3415 251 3474 Si
274 3424 361 3481 serui
388 3423 427 3483 cle
447 3428 589 3506 inrogata
604 3429 677 3491 oio·
702 3434 753 3518 96,
777 3439 840 3519 Qui
852 3441 1034 3503 inlibcrtote
1053 3442 1188 3524 degunt,
1212 3445 1242 3504 si

224 3497 321 3561 lentio
339 3507 615 3588 conuictisuerint.
786 3520 831 3580 ad
849 3526 1030 3584 servitutem
1056 3540 1219 3593 uocantur.

142 3577 190 3659 78.
210 3581 259 3640 De
281 3585 413 3664 ingenuo
429 3589 579 3671 plagiato.
702 3620 752 3684 97.
776 3603 839 3685 Qui
858 3602 1002 3678 domum,
1032 3621 1086 3668 aut
1108 3610 1239 3684 uillam,

141 3681 198 3742 79:
213 3661 250 3720 Si
268 3671 336 3743 qiais
363 3672 531 3748 ingenuum
551 3677 678 3738 incon·
785 3697 838 3743 aut
856 3707 958 3746 cusam
973 3689 1156 3759 incenderit.

176 3780 182 3786 -
220 3743 342 3807 ditione
356 3755 497 3815 tenuerit.
703 3765 753 3846 98.
775 3767 960 3828 Incendium
994 3771 1087 3854 quod*
1117 3775 1240 3834 incaute

140 3823 190 3888 80.
212 3825 250 3883 Si
260 3835 445 3914 mancipium
463 3836 596 3898 alienum
613 3841 678 3901 sol·
784 3869 892 3908 servus
911 3863 964 3910 aut
984 3855 1111 3915 colonus
1122 3859 1155 3916 in
1163 3877 1241 3936 agro
1277 3858 1278 3861 ’

221 3907 399 3972 licitauerit.
623 3997 625 4002 Ι
680 3989 683 3994 ,
710 3970 722 3998 ,,
783 3951 838 3990 suo
854 3935 1013 4014 posuerit„
1035 3983 1048 3992 ,,

140 3985 190 4052 81.
211 3986 249 4046 Si
272 3994 342 4072 quis
359 3999 501 4056 nesciens
520 4022 540 4058 a
553 4001 677 4084 plagia·
702 4001 751 4094 99.
776 4013 839 4093 Qui
850 4015 1006 4076 lioou‘nem
1023 4019 1090 4078 sine
1111 4017 1241 4079 audien·

221 4081 289 4165 sore
305 4079 461 4162 mancipia
478 4099 677 4166 comparare·
784 4095 828 4154 tia
850 4095 1020 4172 occiderit,
1055 4113 1109 4164 aut
1135 4100 1241 4164 occidi

223 4167 277 4220 ru.
473 4192 481 4212 ι
782 4179 925 4241 suaserit.
