2906 5008
217 279 298 386 234
539 344 544 352 .
578 338 583 350 1
644 303 822 364 clettam
840 307 978 364 soona
1007 331 1012 342 ·

225 444 428 512 ,npfflvfflg
464 445 502 509 si
528 444 603 530 quis
625 446 719 510 alteri
741 449 918 512 articulum
939 451 1093 534 pollicem
1121 455 1346 541 Meaterit,

219 530 325 593 soleat
339 529 467 593 solidos
484 549 551 591 sex.
592 531 627 594 si
647 531 751 616 prima
765 531 915 594 iunctura
942 545 1110 600 truncatus
1130 540 1252 615 fuerit,
1277 545 1344 607 sol·

218 614 416 676 passeolidos
444 621 519 679 tres.
561 612 595 674 si
620 614 680 676 lito
705 615 899 700 contigerit,
923 618 1027 682 solvat
1049 621 1169 686 solidos
1190 634 1344 706 quatuor.

218 695 514 777 &mammonas
532 695 654 758 solidos
674 706 748 760 tres.
1235 771 1238 778 Α

302 775 391 848 XIX.
433 779 468 841 Si
489 777 572 842 elius
595 778 756 844 articulus·
772 788 942 846 truncatus
962 783 1082 866 luerit,
1099 784 1201 854 solvat
1219 791 1342 858 solidos

220 869 299 926 trees
383 919 387 926 .
669 887 670 892 ’

232 951 270 1032 'fg'
286 947 371 1014 XX.
414 944 450 1009 Si
467 966 531 1032 qua
548 943 670 1007 mulier
686 953 815 1030 gravata
834 947 953 1028 luerit,
971 957 1004 1012 et
1023 971 1083 1034 per
1099 953 1187 1018 lacto
1204 956 1338 1022 alterius

215 1026 323 1092 inlaus
342 1038 488 1091 mortuns
503 1037 595 1092 natus
612 1027 733 1108 luerit,
747 1040 804 1092 ant
825 1031 852 1094 si
873 1030 968 1094 rivus
990 1044 1084 1098 natus
1107 1037 1208 1101 luerit
1222 1049 1257 1101 et
1281 1063 1339 1104 no·

216 1107 292 1174 v'em
312 1121 425 1175 noctes
450 1133 517 1173 non
538 1110 635 1195 sirit,
654 1111 710 1176 oui
727 1122 914 1198 reputatum
928 1115 1029 1179 fucrit
1049 1117 1265 1205 quadraginta
1282 1146 1337 1188 se-

217 1194 304 1258 }idoe
322 1205 503 1280 componat.

225 1298 229 1313 ¹
299 1280 385 1346 XXl.
427 1280 463 1341 st
481 1276 604 1340 femina
620 1275 777 1342 baronem
791 1284 884 1340 extra
900 1278 1007 1342 rixam
1023 1282 1201 1346 suhdnlum
1219 1287 1337 1352 clama.

215 1359 318 1440 terit,
339 1362 442 1426 solvat
463 1361 585 1425 solidos
607 1359 798 1442 duodecim,
822 1370 881 1424 sut
902 1383 978 1426 cum
1008 1364 1181 1430 duodecim
1208 1373 1337 1436 medios

217 1444 339 1507 electos
366 1446 450 1509 iuret
471 1444 605 1507 maritus
627 1443 739 1528 ipsius.

228 1553 237 1561 “
262 1557 268 1565 ·
297 1528 403 1596 xxti,
445 1528 567 1610 Siquis
589 1526 723 1590 alterius
746 1527 922 1612 iugenuam
947 1527 988 1592 de
1008 1526 1144 1592 crimina
1166 1556 1228 1602 ‚seu
1254 1537 1334 1600 stria

213 1608 561 1688 anethumriaststit,
583 1620 618 1674 et
638 1631 709 1672 eam
736 1611 885 1694 priserit,
903 1620 936 1676 et
951 1610 1051 1696 ipsam
1067 1613 1101 1674 in
1120 1615 1207 1678 clida
1232 1620 1333 1683 mise·

211 1693 328 1771 clts'et
352 1694 452 1776 ipsam
473 1715 547 1756 cum
571 1693 745 1755 duodecim
769 1693 892 1756 medios
917 1696 1038 1756 electos
1066 1707 1121 1757 aut
1138 1719 1212 1760 cum
1242 1706 1333 1784 spata

213 1771 314 1838 nacta
333 1775 473 1859 quilibet
494 1777 535 1839 de
562 1785 712 1858 parentes
734 1775 941 1854 adunaverit,
960 1779 1083 1844 DCCC.
1099 1779 1219 1846 solidos
1246 1806 1333 1846 com·

210 1859 320 1943 pontt
356 1859 397 1921 ’δί
419 1860 538 1920 ancilla
561 1859 1020 1940 luerit,qnindeoimoolidos
1038 1876 1260 1946 componatur.
1293 1868 1331 1934 Si
1434 1865 1435 1872 ἵ

210 1935 355 2005 in⁴olida
380 1943 459 2004 mica
481 1963 547 2003 non
568 1941 686 2020 luerit,
715 1950 748 2004 et
774 1943 860 2024 prise
882 1953 914 2006 et
935 1953 1090 2027 temptata
1107 1947 1223 2026 luerit„
1248 1971 1329 2034 quu-

208 2026 357 2110 draginta
382 2025 502 2088 solidos
529 2033 710 2108 componet.
750 2025 843 2087 Etsi
865 2024 900 2086 iu
925 2026 1011 2090 elida
1030 2047 1097 2088 non
1126 2029 1243 2112 luerit,
1269 2055 1328 2097 sex

207 2110 329 2171 solidus
352 2111 470 2172 solvat.
518 2107 611 2170 Etsi
644 2107 745 2190 ipsam
769 2108 820 2169 vir
850 2109 1090 2172 contrasteterit
1114 2113 1326 2196 culpabilem,
1434 2125 1435 2168 i

208 2203 242 2253 ct
267 2193 325 2256 illc
353 2200 487 2275 propter
505 2212 603 2274 quem
620 2190 650 2251 ei
671 2198 841 2273 reputatur
861 2201 1006 2254 mortuus
1030 2194 1146 2274 luerit,
1182 2197 1239 2258 ille
1266 2200 1325 2280 qui

206 2267 362 2336 sentinam
383 2273 638 2351 contrasteterit,
659 2272 867 2356 wiregildum
894 2274 964 2336 eius
993 2275 1145 2345 decalvat.
1189 2280 1225 2340 Si
1245 2279 1324 2343 baro

206 2357 310 2420 fuerit
337 2357 377 2420 de
404 2355 590 2436 minollidis‚
615 2355 863 2419 solratsolidos
883 2367 1016 2420 centum
1041 2361 1253 2444 septuaginta.
1286 2364 1323 2426 Si

206 2433 375 2503 medianus
395 2440 594 2502 Alamannus
618 2439 729 2517 fuerit,
755 2439 912 2503 ducentos
935 2441 1056 2508 solidos
1075 2453 1258 2524 componat.
1285 2447 1320 2508 Si

205 2517 334 2608 luimus
346 2522 544 2584 Alamannus
566 2522 674 2600 luerit,
690 2522 847 2584 ducentos
867 2524 1078 2607 quadraginta
1100 2527 1221 2590 solidos
1239 2550 1324 2591 com·

205 2605 325 2691 potrat',
355 2615 412 2667 aut
440 2627 514 2668 eum
536 2604 651 2688 viginti
679 2609 819 2687 quatuor
845 2606 968 2668 medios
996 2608 1133 2686 electos,
1161 2620 1218 2671 aut
1248 2633 1323 2674 cum

206 2689 422 2772 quadraginta
447 2690 560 2771 quales
575 2689 724 2749 invenire
742 2687 862 2770 poterit
883 2689 976 2756 iuret,
1020 2690 1054 2752 si
1073 2691 1195 2752 femina
1219 2694 1325 2756 mino-

205 2771 447 2849 ffiatsstuesit,
472 2773 576 2834 solrat
597 2771 719 2834 solidos
745 2781 906 2834 trecentos
933 2773 1058 2856 viginti.
1105 2775 1140 2835 Si
1170 2777 1321 2842 mediana

204 2857 315 2933 luerit,
334 2855 435 2918 solvat
451 2855 570 2916 solidos
586 2849 847 2936 quadringentos.
889 2854 924 2916 si
942 2857 1045 2952 prime
1059 2854 1237 2920 Alamanna
1251 2862 1322 2924 fue·
1433 2903 1434 2914 κ

204 2933 386 3019 rilljdnlrat
407 2937 526 2998 solidos
550 2931 804 3020 quadringentos
830 2947 1024 3020 octuaginta.
1433 3009 1434 3014 η

286 3019 415 3086 XXllI.
438 3019 473 3080 si
496 3020 569 3102 quis
594 3028 772 3080 mortuatns
796 3020 896 3081 fuerit
925 3021 1003 3082 baro
1024 3031 1080 3083 aut
1103 3021 1237 3101 femina,
1259 3023 1317 3106 qui
1433 3027 1434 3030 ’

201 3101 308 3187 qualit
332 3103 443 3179 liuerit,
465 3100 646 3169 secundum
671 3101 852 3183 legitimum
871 3102 1076 3186 wiregildum
1092 3127 1184 3166 suum
1206 3127 1240 3165 1n
1261 3128 1318 3168 no-
1433 3159 1434 3186 ,

200 3189 368 3270 vegildnsn
389 3185 550 3262 solvatur,
573 3195 629 3248 aut
653 3204 727 3246 cum
752 3170 870 3266 viginli
897 3197 1036 3269 quatuor
1059 3196 1143 3249 totos
1173 3187 1316 3268 electos,
1433 3189 1434 3210 ³

202 3267 574 3350 astt‘cnmoctuaginta,
600 3268 712 3350 quales
736 3267 886 3330 invenire
915 3270 1046 3351 poterit,
1075 3271 1170 3332 iuret.

222 3367 252 3395 '²'
284 3346 408 3414 XXIV.
452 3351 487 3412 si
521 3351 595 3433 quis
628 3349 775 3432 superius
811 3362 972 3412 mortuum
1001 3375 1095 3414 sunm
1123 3354 1163 3414 de
1194 3353 1315 3416 alienus

199 3452 341 3517 resque
367 3432 509 3494 valuerit
532 3434 590 3500 sol.
615 3434 647 3493 in
668 3443 753 3494 terra
772 3433 923 3511 xartiserit,
959 3435 1062 3496 solvat
1088 3436 1209 3497 solidos
1232 3459 1316 3517 que·

199 3518 358 3602 draginta.
402 3515 445 3578 Et
465 3515 493 3576 si
518 3517 670 3579 tremissis
697 3524 752 3576 aut
773 3516 853 3578 duos
876 3517 1036 3596 valuerit,
1066 3518 1171 3580 solvat
1192 3520 1313 3582 solidos

201 3601 386 3677 duodecim,
416 3607 472 3660 aut
490 3621 564 3662 cnm
589 3599 760 3662 duodecim
781 3599 904 3662 medios
930 3600 1050 3662 electos
1068 3601 1171 3664 iuret.

222 3695 243 3733 'r‘
262 3683 391 3747 *xxm
416 3681 477 3744 ‚Et
499 3683 685 3765 cuicunque
718 3693 865 3760 mortno,
898 3693 963 3744 tam
990 3683 1114 3759 occiso,
1150 3703 1311 3766 quamque
1432 3741 1433 3744 ,

199 3776 383 3831 swmorte
402 3773 539 3841 mortuo,
567 3764 691 3846 aliquid
717 3766 850 3826 tollatur
874 3776 929 3827 aut
948 3767 1133 3844 involetur,
1161 3769 1201 3827 de
1228 3767 1311 3828 fossa

200 3852 257 3914 ubi
278 3859 457 3935 reponatur
483 3849 657 3924 exfoditur,
691 3856 722 3907 et
743 3848 922 3931 expoliatus
941 3848 1022 3929 fuit,
1048 3848 1205 3934 quodibi
1237 3848 1312 3911 tulit

197 3931 322 4011 reddat,
348 3945 383 3996 et
405 3931 592 4012 octuaginta
618 3930 737 3992 solidos
763 3932 876 3995 solvat.

240 4011 408 4082 ·⁴²³2ldXVl.
450 4015 484 4074 si
498 4012 739 4096 quisingenuus
756 4013 935 4095 ingenuum
945 4013 1138 4093 interficiet,
1159 4023 1192 4075 et
1205 4014 1236 4076 ei
1249 4012 1311 4075 att·

195 4102 284 4187 qttl'dl
306 4102 427 4162 derce
457 4119 527 4160 suas
553 4097 759 4179 sangulentas
780 4097 919 4172 tulerit,
954 4107 1008 4158 aut
1034 4097 1241 4160 hoc'anlerit
1269 4096 1310 4158 ad

195 4193 359 4267 parentes,
384 4179 464 4242 nihil
485 4189 532 4241 est
551 4180 591 4240 ad
608 4177 852 4262 requirendum.
904 4180 939 4252 Si
960 4179 1136 4258 enimvero
1163 4201 1230 4242 non
1258 4179 1309 4244 uls

197 4268 283 4344 l'erit,
306 4262 517 4349 quadraginta
543 4263 663 4330 solidos
690 4263 806 4331 solvat.
1213 4261 1215 4267 ’
