2876 4992
206 293 278 382 l88
463 309 572 381 'neers
592 325 836 381 arrasaroaun
855 327 928 386 τιτ.
947 327 1057 384 rnna

203 467 354 531 fectionis
378 468 414 528 in
442 488 518 528 usus
543 452 691 550 proprios
720 465 952 548 adsumpserit,
974 476 1054 528 tnnc
1081 466 1201 551 absque
1222 468 1319 532 fredo

204 552 376 635 culpabilis
400 550 573 624 iudicetur.

285 636 325 702 11,
369 633 402 694 si
421 633 494 713 quis
521 641 627 691 autem
651 631 767 693 fossam
793 631 843 691 vel
868 641 1000 714 puteum
1024 633 1155 712 fecerit,
1178 655 1235 696 seu
1258 657 1320 718 pe-

204 717 312 778 dicam
327 717 377 777 vel
395 716 540 776 balistam
564 715 691 773 incaute
714 713 874 794 posuerit,
896 725 928 774 et
942 715 1060 776 ibidem
1079 715 1245 777 hominem
1264 719 1320 780 vel

201 813 302 882 pecus
320 797 539 860 debilitaverit
557 797 607 856 vel
634 795 851 868 interfecerit,
878 799 965 857 omni
987 800 1241 880 compositione,
1271 800 1319 860 si-

203 895 259 942 cut
276 882 328 942 lex
349 881 495 942 continet
517 879 687 960 Ripuaria,
712 878 882 960 culpabilis
909 880 1081 946 iudicetur.
1129 881 1194 942 Aut
1212 883 1238 943 si
1261 903 1320 944 ne-

203 965 347 1048 gaverit,
369 985 442 1023 cum
465 961 607 1044 legitimo
629 981 763 1020 numero
791 959 883 1025 iuret.

284 1046 347 1110 lll.
368 1077 372 1084 ·
391 1045 487 1123 Quod
507 1045 533 1104 si
555 1043 587 1102 in
612 1059 720 1124 sepem
741 1043 856 1102 animal
885 1043 1105 1126 impalaverit,
1129 1054 1162 1105 et
1182 1045 1248 1128 ipsa
1264 1068 1318 1108 se·

200 1129 250 1211 pis
268 1128 462 1189 mentonalis
482 1148 547 1188 non
569 1127 689 1201 fuerit,
717 1125 865 1186 dominns
887 1128 990 1210 sepis,
1007 1127 1243 1192 interfectionis
1257 1151 1317 1191 seu

202 1211 375 1274 debilitatis
393 1232 466 1271 rcus
487 1216 533 1284 v]
553 1207 723 1290 culpabilis
746 1207 909 1270 iudicetur
923 1205 993 1294 w).

256 1295 337 1374 ,IV.
380 1294 414 1353 Si
434 1302 541 1351 autem
561 1293 649 1372 virga
672 1291 711 1350 de
733 1291 811 1351 foris
833 1313 907 1372 sepe
931 1291 1060 1352 incaute
1084 1293 1178 1353 missa
1201 1295 1315 1374 fuerit,

200 1386 233 1440 et
254 1375 379 1457 aliquid
400 1374 619 1450 interfecerit,
642 1373 795 1434 solvatur.
839 1375 872 1432 Si
895 1383 1003 1435 autem
1025 1376 1065 1436 de
1086 1375 1172 1438 intus
1192 1398 1267 1460 sepe
1278 1400 1314 1440 se

200 1461 234 1520 iu
259 1461 349 1540 virga
369 1456 596 1539 ,impalaverit,
617 1476 682 1516 non
711 1465 759 1515 est
776 1455 975 1517 solvendum.

205 1553 209 1580 ·’
264 1545 323 1604 ‘V.
366 1540 463 1617 Quod
482 1539 508 1600 si
534 1539 607 1619 quis
624 1537 657 1597 in
680 1559 788 1618 sepem
812 1537 864 1601 vel
887 1539 919 1598 in
947 1559 1143 1622 quocunque
1165 1539 1244 1601 libet
1259 1561 1315 1622 pe·

198 1623 304 1688 riculo
333 1644 383 1684 res
410 1623 529 1682 alienas
553 1621 668 1682 invitas
700 1619 888 1698 minaverit,
919 1631 951 1682 et
977 1623 1097 1682 ibidem
1123 1623 1313 1684 interfectae

198 1709 250 1767 tel
271 1705 455 1769 debilitatae
480 1704 620 1780 fuerint,
641 1702 762 1764 similes
781 1704 946 1782 restituat,
968 1713 1023 1766 aut
1044 1728 1118 1766 cum
1139 1727 1194 1769 sex
1208 1705 1312 1785 iuret,
1339 1711 1342 1716 '

197 1790 286 1872 quod
308 1787 371 1848 hoc
393 1808 457 1846 non
480 1786 619 1851 fecisset.

257 1908 345 1978 Tm.
380 1904 523 1975 LXXI.
560 1901 666 2000 (73.)
716 1905 774 1974 De
800 1904 938 1974 festuca
961 1907 1243 1978 intercurrente.

204 2053 209 2080 t
278 2038 328 2098 De
359 2053 554 2115 quacunque
584 2052 678 2092 causa
709 2033 831 2094 festuca
865 2033 1083 2094 intercesserit
1108 2043 1175 2113 ec),
1205 2035 1312 2097 laciua

194 2118 409 2179 interdicatur
428 2137 461 2176 se
483 2137 556 2174 cum
577 2125 774 2176 sacramento
795 2116 948 2176 idoneare
966 2126 1026 2193 y).

196 2233 474 2304 Tra..LXX11.
499 2235 609 2317 (74.)
660 2233 720 2300 De
752 2233 902 2302 homine
938 2233 1123 2302 intertiato
1155 2233 1213 2305 vel
1236 2259 1310 2327 pe-

614 2354 700 2399 core
728 2344 884 2400 mortuo.

279 2429 306 2490 1.
348 2426 381 2488 Si
413 2426 485 2508 quis
514 2423 679 2486 hominem
712 2425 944 2503 intertiaverit,
976 2436 1008 2488 et
1037 2427 1120 2487 infru
1150 2428 1307 2512 placitum

195 2522 340 2574 mortuus
360 2511 477 2587 fuerit,
498 2509 531 2567 in
556 2508 735 2590 quadruvio
759 2531 830 2569 curn
853 2519 971 2570 retorta
1003 2509 1036 2568 in
1059 2511 1141 2594 pede
1167 2513 1307 2594 sepelia-

194 2604 266 2672 tur,
295 2605 327 2656 ct
351 2593 471 2653 ibidem
495 2591 535 2652 ad
558 2592 643 2652 diem
671 2592 807 2673 placitus
833 2614 906 2652 curn
930 2591 1061 2653 testibus
1092 2594 1240 2670 accedat,
1272 2605 1309 2655 et

195 2700 268 2738 cum
292 2675 368 2758 ipsis
391 2696 469 2751 sex,
497 2675 554 2754 qui
579 2695 652 2733 eum
674 2674 812 2754 sepelire
835 2676 1008 2751 viderunt,
1032 2675 1063 2733 in
1086 2674 1206 2736 haraho
1230 2697 1308 2737 con·

194 2760 299 2837 iuret,
319 2759 408 2840 quod
426 2757 546 2816 ibidem
562 2756 629 2838 ipse
654 2756 834 2816 intertiatus
855 2757 973 2838 absque
997 2757 1222 2819 interfectione
1243 2759 1308 2818 ho-

193 2843 342 2917 minum,
373 2839 556 2922 pecudum,
592 2839 644 2899 vel
670 2838 802 2898 alterius
825 2839 894 2914 rei,
924 2839 984 2898 nisi
1012 2841 1176 2899 communi
1201 2849 1306 2902 morte

194 2931 402 3004 consumptus
429 2921 574 3002 sepultus
596 2920 713 2998 iaceat,
742 2929 774 2979 et
796 2923 896 3004 ipsam
916 2931 1067 2980 retortam
1091 2924 1124 2982 in
1146 2924 1228 3004 pede
1251 2923 1308 2982 ha-

145 3060 147 3064 .
193 3009 267 3068 beat
295 3015 326 3066 et
344 3025 402 3086 per
425 3004 524 3084 ipsam
544 3010 695 3062 retortam
714 3024 812 3082 super
836 3005 903 3084 ipso
927 3004 1098 3086 sepulchro
1118 3027 1243 3086 semper
1261 3006 1305 3066 de

193 3110 293 3149 manu
312 3089 346 3146 in
370 3106 500 3145 manum
526 3085 688 3144 ambulare
710 3084 822 3162 debet,
858 3087 1056 3168 usquedum
1079 3087 1119 3147 ad
1144 3109 1213 3148 eam
1234 3109 1305 3148 ma-

193 3193 272 3231 num
293 3168 420 3243 veniat,
443 3189 525 3248 quac
552 3188 625 3226 eum
657 3165 783 3229 inlicito
814 3169 928 3230 ordine
960 3169 1108 3230 vendidit
1137 3171 1190 3231 vel
1213 3171 1328 3230 fura-

193 3253 250 3316 vit.
293 3249 391 3328 Quod
416 3249 442 3310 si
465 3249 508 3308 ita
534 3270 599 3309 non
623 3250 757 3326 fecerit,
783 3252 917 3330 capitale
945 3258 978 3310 et
1002 3251 1145 3311 delatura
1165 3273 1238 3312 cum
1257 3253 1305 3314 le-

193 3335 239 3418 gis
256 3331 414 3394 beneficio
441 3351 594 3392 seucum
618 3333 705 3391 furto
728 3333 898 3413 culpabilis
920 3334 1089 3394 indicetur.

275 3416 316 3478 ΙΙ.
359 3413 393 3472 Si
414 3421 521 3472 autem
546 3414 730 3496 eizlfuga
752 3415 856 3496 lapsus
882 3417 998 3491 fuerit,
1037 3417 1063 3477 si
1090 3417 1174 3476 infra
1202 3416 1305 3492 duca-=

190 3508 279 3571 tum,
301 3517 400 3577 super
423 3497 667 3576 quatuordecim
697 3507 822 3568 noctes;
855 3498 880 3557 si
901 3507 989 3558 extra
1013 3500 1181 3574 ducatum,
1204 3520 1305 3580 snper

191 3580 402 3663 quadraginta
430 3588 557 3648 noctes;
588 3579 676 3659 quod
704 3579 731 3639 si
761 3587 850 3640 extra
881 3601 1034 3662 regnum,
1065 3601 1162 3664 super
1194 3592 1304 3641 octus-¹

191 3666 280 3746 ginta
304 3661 443 3744 placitus
472 3661 502 3722 ei
531 3661 727 3722 concedatur
761 3669 811 3730 a).
862 3664 959 3740 Quod
986 3665 1011 3723 si
1043 3663 1125 3723 intra
1147 3665 1176 3740 t)
1198 3663 1302 3744 placi-

191 3757 260 3808 tum
286 3768 360 3808 eum
386 3753 626 3827 repraesentare
656 3764 720 3802 non
749 3746 909 3826 potuerit,
937 3746 1071 3827 capitale
1095 3756 1127 3806 et
1155 3747 1303 3808 delatura

190 3852 248 3892 seu
269 3831 358 3890 farto
389 3829 442 3888 vel
465 3826 545 3907 legis
566 3825 724 3886 beneficio
751 3828 920 3909 culpabilis
943 3829 1114 3890 iudicetur.

259 4003 294 4072 v)
313 4001 380 4053 Cod.
401 4015 452 4065 reg.
474 3997 676 4050 debilitationis
694 3999 745 4052 rei.
762 3999 891 4056 Corbion.
907 3999 1073 4053 debilitatem
1089 4002 1139 4053 rei.
1193 4001 1302 4072 w)Til.

190 4083 218 4126 et
236 4073 315 4128 Lind.
330 4069 449 4120 addunt:
477 4081 526 4120 aut
549 4071 574 4120 si
593 4071 737 4138 irrigaverit
760 4087 819 4120 cum
846 4074 966 4141 legitimo
994 4089 1106 4122 numero
1125 4073 1206 4124 iuret.
1259 4072 1302 4140 rr)

188 4143 301 4196 Herold.
322 4139 502 4208 interfecerit.
554 4137 595 4207 y)
617 4137 728 4192 Herold.
753 4138 801 4190 sed
826 4159 885 4192 cunr
908 4153 1081 4192 sacramento
1104 4159 1131 4192 se
1159 4140 1301 4196 idoneare.

189 4214 258 4267 cod.
277 4213 354 4266 Met..
369 4209 500 4278 idoneare
514 4208 631 4261 studeat.
667 4208 693 4276 z)
712 4209 823 4261 Herold.
842 4212 875 4264 is.
911 4211 941 4279 a)
960 4210 1026 4262 Cod.
1048 4226 1099 4276 reg.
1118 4210 1302 4276 plaeeicon·

188 4279 376 4335 nitunturvel
384 4277 494 4337 conced
529 4277 583 4333 Til.
594 4279 721 4348 planctus
732 4281 758 4332 ei
769 4279 878 4334 conred.
920 4280 948 4349 b)
958 4279 1067 4333 Herold.
1080 4288 1107 4331 et
1121 4279 1199 4342 Lind.
1210 4281 1303 4353 infru„
