2906 5008
404 297 802 354 uacrsv'uunnannoann
820 299 891 354 rrr.
911 301 988 355 axv.
1180 285 1254 358 219

102 516 110 524 .
139 438 245 501 alicui
266 437 340 580 qrfrio
361 438 538 502 excusserit
555 446 593 510 r)
615 439 787 501 duodecim
804 439 923 501 solidos
941 450 1128 524 componat,
1144 441 1170 506 si
1188 464 1255 506 uno

140 523 214 585 ictu
235 530 270 594 s)
305 523 415 581 ecerit.

140 659 144 664 .
227 605 319 664 Vllt.
362 605 396 664 si
413 615 520 666 autem
536 625 640 670 unum
659 626 699 666 ex
721 603 797 688 ipsis
815 604 991 666 excusserit
1011 614 1062 686 t),
1085 628 1159 668 cum
1177 607 1256 670 duo-

139 686 250 750 decim
270 685 381 747 solidis
401 698 581 771 componat.
912 684 921 706 '⁸

140 807 235 876 Tru·
263 805 400 880 LXIV.
426 804 522 902 (65.)
570 806 628 875 De
653 805 775 898 lingua
801 807 956 896 abscisa,
987 810 1092 877 etde
1120 763 1270 880 vum«

487 908 587 976 ribus
616 909 654 975 in
679 905 771 975 faeie
797 904 910 974 factis.

227 1036 253 1094 I.
297 1033 330 1094 Si
350 1044 455 1094 autem
479 1035 590 1118 lingua
613 1045 678 1096 tota
700 1034 823 1097 abscisa
841 1034 957 1112 fucrit,
979 1034 1191 1118 quadraginta
1207 1057 1256 1098 so·

142 1117 229 1178 lidos
254 1127 432 1197 componat.
450 1151 453 1158 ,
713 1113 716 1160 ἶ
1029 1147 1033 1158 ’

232 1199 285 1264 lt·
314 1201 348 1258 Si
373 1211 478 1260 autern
505 1201 629 1278 media,
657 1212 694 1263 ut
716 1201 841 1283 aliquid
870 1199 1073 1284 intelligatur
1096 1201 1184 1282 quod
1209 1202 1257 1263 lo-

144 1282 280 1365 quitur,
303 1303 377 1342 cam
399 1283 514 1366 viginti
538 1285 648 1346 solidis
673 1293 852 1366 componat.
1032 1299 1034 1304 '
1107 1328 1109 1333 -

206 1363 291 1425 ¹lll.
332 1365 366 1424 Si
386 1378 491 1427 autem
514 1367 622 1448 aliqua
641 1368 733 1449 plaga
761 1366 795 1424 in
818 1365 900 1428 facie
923 1363 1059 1424 alienius
1083 1365 1166 1426 factu
1186 1366 1257 1427 fue·

143 1447 206 1524 rit,
226 1469 323 1528 quam
345 1449 454 1532 capilli
478 1451 529 1511 vel
550 1450 646 1510 barba
668 1471 733 1510 uon
749 1449 947 1530 cooperiant,
967 1447 1151 1520 sexxsolidic
1166 1471 1255 1511 com-

143 1540 252 1613 ponat.

229 1613 286 1677 IV,
328 1612 363 1674 Si
384 1622 490 1674 autem
510 1615 612 1676 collus
637 1621 863 1699 transpunctus
885 1610 1000 1688 suerit,
1032 1630 1106 1670 cum
1124 1631 1181 1672 ccx
1206 1633 1255 1674 so·

143 1693 221 1754 lidis
245 1706 424 1776 componat.

145 1797 238 1889 Tin.
250 1813 369 1886 LXV.
395 1811 486 1906 (66.)
544 1814 601 1882 De
619 1839 662 1883 eo
679 1815 741 1907 qui
758 1811 868 1882 alium
884 1825 1010 1881 contra
1027 1812 1144 1906 legem
1164 1824 1255 1882 tun-

380 1915 494 2001 derit,
520 1928 557 1983 et
575 1915 620 1982 dc
637 1915 788 1986 diversis
810 1913 1040 1986 vulneribus·.
1084 1985 1089 1994 ,

227 2042 253 2102 Ι.
294 2043 329 2104 si
355 2044 428 2126 quis
449 2043 546 2105 alicui
568 2053 679 2105 contra
700 2045 807 2126 legem
829 2041 975 2102 tunderit
998 2049 1095 2124 caput
1117 2041 1257 2102 liberum

145 2145 212 2186 non
236 2124 375 2187 volentis
404 2137 459 2205 u),
490 2150 563 2188 cum
595 2127 767 2189 duodecim
800 2125 911 2188 solidis
936 2133 1115 2207 componat.

229 2206 273 2271 ll.
316 2211 350 2268 Si
368 2210 455 2270 enim
473 2211 601 2271 barbam
620 2210 757 2296 alicujus
778 2207 922 2272 tunderit
941 2229 1005 2267 uon
1028 2205 1168 2269 volentis
1182 2225 1256 2266 cum

144 2295 202 2354 dex
224 2289 334 2351 solidis
355 2300 534 2373 componat.

151 2378 155 2386 '
229 2373 285 2433 ΙΙΙ.
328 2375 362 2435 Si
381 2376 452 2459 quis
471 2377 534 2436 alio
557 2375 723 2438 brachium
740 2391 836 2457 super
858 2369 1001 2434 cubitum
1019 2378 1255 2453 transpuncxc-

146 2454 212 2533 rit,
236 2476 308 2515 cum
331 2479 386 2518 sex
412 2458 523 2522 solidis
547 2468 724 2544 componat.
1139 2469 1140 2474 ’
1242 2491 1245 2496 -

228 2537 286 2605 lv.
330 2541 363 2599 Si
382 2551 455 2603 ante
479 2543 624 2604 cubitum
653 2537 935 2624 transponerent,
962 2558 1036 2605 curn
1060 2534 1163 2596 tribus
1202 2557 1256 2598 so-

145 2619 221 2683 lidis
250 2634 428 2702 componat.

230 2702 269 2763 V.
314 2707 347 2764 Si
369 2729 499 2768 manum
522 2705 799 2788 transpunoxerit,
825 2704 869 2763 ita
892 2711 929 2762 ut
955 2703 1045 2763 focus
1069 2721 1134 2760 non
1156 2700 1256 2759 intret

146 2787 187 2847 ad
213 2789 416 2868 coquendum
444 2811 540 2851 venas
568 2791 619 2850 vei
646 2789 836 2872 sanguinem
858 2787 1068 2868 stagnantium
1092 2791 1147 2859 v),
1180 2780 1255 2843 soli-

146 2869 224 2931 dum
245 2891 346 2931 unum
368 2881 399 2931 et
420 2872 513 2932 semis
537 2881 714 2952 componat.

229 2951 284 3018 VI.
326 2954 359 3012 Si
387 2963 493 3016 autern
518 2955 641 3014 ferrum
669 2955 809 3016 calidum
836 2950 1005 3012 intraverit
1036 2951 1074 3011 ad
1106 2955 1255 3028 stagnan-

146 3034 223 3096 dum
247 3038 452 3116 sanguinem,
476 3057 550 3096 cnm
573 3037 672 3098 tribus
698 3038 809 3098 solidis
832 3042 1009 3114 componat.

228 3117 303 3178 Vll.
345 3120 379 3178 Si
409 3119 495 3180 enim
520 3119 686 3180 brachium
714 3119 867 3202 fregerit,
896 3117 940 3174 ita
971 3125 1008 3174 ut
1034 3114 1168 3198 pellem,
1189 3125 1269 3170 non*

145 3207 289 3281 rumpat,
312 3202 400 3283 quod
426 3203 596 3262 Alamanni
628 3204 791 3284 palebrnst
817 3207 871 3274 w)
902 3197 1036 3277 dicunt,
1059 3206 1131 3257 ante
1158 3193 1252 3254 cubi·

146 3291 234 3360 tum,
263 3305 336 3345 cum
361 3285 463 3344 trihus
491 3285 601 3345 solidis
622 3295 802 3368 componat.

229 3364 315 3427 Vlll.
357 3368 390 3428 Si
422 3376 526 3428 autem
564 3389 659 3449 supra
691 3369 835 3430 cubitum
858 3363 921 3424 hoc
952 3360 1144 3445 contigerit,
1180 3378 1255 3422 eum

144 3467 202 3510 sex
223 3449 333 3510 solidis
357 3444 534 3530 componat.

228 3531 284 3591 lx.
326 3533 359 3592 Si
380 3533 466 3593 enim
490 3535 522 3592 in
547 3532 657 3594 cubito
683 3555 851 3616 percussus
874 3531 991 3608 fuerit,
1014 3533 1056 3591 ita
1077 3536 1112 3588 ut
1126 3540 1254 3611 portare

146 3613 269 3696 aliquid
295 3637 359 3675 nou
381 3617 479 3698 possit
501 3638 561 3678 uec
587 3617 626 3678 ad
650 3638 685 3677 os
707 3639 838 3678 manum
859 3616 985 3678 mittere
1007 3619 1065 3690 x),
1088 3633 1162 3672 cum
1179 3614 1257 3674 dno·

146 3697 250 3758 decim
278 3699 389 3760 solidis
412 3707 591 3783 componat.

213 3959 247 4028 r)
273 3960 350 4012 aina.
376 3961 471 4014 insu-n
495 3962 598 4016 noua
624 3963 730 4016 raziam.
801 3965 837 4030 s)
861 3965 938 4018 Lind.
971 3949 1043 4020 aaa
1067 3973 1093 4022 a·
1115 3990 1170 4023 ano
1190 3974 1254 4026 aaa

147 4027 178 4094 t)
195 4031 307 4084 Putean.
328 4033 436 4083 Horold.
456 4042 484 4084 et
498 4034 574 4084 Lind.
595 4035 655 4086 add.
675 4035 893 4089 duobasicn'tus.
931 4033 1046 4104 ut'Mea.
1071 4042 1105 4092 Si
1122 4045 1183 4112 quis
1203 4044 1257 4094 ati-

147 4101 192 4151 eui
218 4115 301 4171 caput
328 4115 426 4155 contra
444 4105 528 4184 Iegem
547 4118 573 4156 et
596 4106 760 4157 voluntatem
779 4108 909 4158 tunserit.
974 4117 1008 4168 ν)
1028 4111 1139 4163 Putean.
1161 4125 1257 4181 extag-

146 4169 275 4250 nandam.
336 4175 384 4238 w)
404 4173 517 4224 Cobron.
536 4174 682 4227 balehrust,
697 4176 758 4242 Reg.
776 4185 804 4228 ct
818 4177 925 4228 Thuan.
943 4178 1096 4247 palcprust.
1115 4183 1182 4235 Met.
1204 4184 1256 4236 Tit

146 4247 173 4292 ct
191 4241 426 4313 lundpuleprust.
446 4244 555 4297 Herold.
571 4246 738 4315 palclrbrust.
791 4247 833 4316 a)
851 4248 918 4303 Met.
935 4247 1043 4304 ducere.
