2876 4992
446 263 599 323 acciunt
618 265 664 320 rr
682 265 873 320 scaurum
1157 253 1231 328 m

121 404 207 476 eale)
229 400 389 469 suntdiu.
412 401 505 470 VIII.
530 405 656 468 faciunt
693 406 818 479 XVII.
870 407 928 478 De
976 409 1123 486 homine
1160 445 1229 492 00..

120 489 173 553 soi.
188 489 252 552 CC.
273 487 327 548 eui
338 485 437 547 fuerit
448 488 657 571 adprobatum
690 508 765 576 0350
784 519 822 576 et
837 506 1019 599 expoliato
1033 525 1227 610 antequam

119 573 197 650 euip.
218 570 287 634 iud.
767 605 775 621 .
1023 609 1029 624 ,

156 651 275 733 Siquis
296 651 435 712 alienam
447 647 655 713 uxoremtoi-
709 693 711 701 ι
764 616 959 676 merram
982 619 1161 686 mutatur·

118 734 654 812 lerevoiueritvivomarito(uaur.
728 767 761 827 εἰ

117 816 314 896 affultkeeha)
330 824 406 876 sunt
423 815 489 880 din.
506 815 599 882 VIII.
610 819 656 876 fa·
685 850 774 912 ΜΘ

117 901 199 958 ciunt
218 898 279 958 sol.
316 900 379 960 CC.
410 898 463 956 cui
485 899 585 961 fuerit
602 900 656 960 ad-

114 981 278 1062 probatum
297 980 384 1062 culp.
403 979 469 1040 iud.

151 1061 182 1121 Si
200 1062 274 1142 quIs
292 1083 367 1122 cum
386 1062 526 1142 ingenua
542 1061 654 1143 puella

115 1143 295 1204 moechatus
312 1143 431 1221 fuerit,
455 1145 533 1204 etei
554 1145 653 1204 fuerit

114 1225 319 1308 adprobatum
350 1231 461 1298 (usur.
488 1227 652 1303 virtuune)

114 1318 182 1370 sunt
204 1308 272 1368 diu.
303 1310 376 1373 ΙΙΙ).
406 1307 531 1370 faciunt
559 1309 653 1374 solid.

113 1389 206 1456 LXII.
227 1391 316 1474 culp.
335 1390 403 1454 iud.

149 1475 182 1536 si
199 1473 272 1556 quis
291 1495 366 1554 curu
384 1474 525 1556 ingenua
542 1472 652 1557 puella

113 1559 274 1638 spontania
303 1556 521 1633 voluntatem,
551 1555 650 1630 ambis

115 1638 381 1699 convenientibus
421 1638 508 1698 mina
551 1649 566 1713 Ι
591 1640 650 1735 leg.

114 1721 285 1782 moechatus
297 1720 428 1800 fuerit)
450 1719 465 1802 (
475 1742 566 1781 uanu-
580 1720 650 1800 sn-

114 1802 207 1881 luyru)
247 1811 327 1863 sunt
355 1803 422 1868 din.
445 1805 501 1869 ID.
523 1802 650 1864 faciunt

776 851 819 910 rit
832 863 887 914 aut
904 853 1117 934 expoliaverit
1131 886 1228 926 vuar-

687 953 745 1014 gus
762 933 802 994 sit
815 934 849 995 id
862 943 909 996 est
924 937 1111 1018 expetiisset
1123 968 1227 1028 usque

687 1016 721 1074 in
747 1015 831 1076 diem
849 1017 943 1076 iilum
964 1040 1058 1100 quam
1073 1023 1139 1106 ipsa
1155 1051 1228 1091 eau-

687 1119 720 1159 sa
734 1099 920 1179 parentibus
939 1100 1084 1166 defuncti
1105 1108 1228 1174 faciant

688 1179 858 1240 emendare
877 1192 907 1240 et
925 1183 985 1264 ipsi
1004 1199 1152 1265 parentes
1170 1217 1229 1256 ro·

688 1282 760 1344 gare
785 1261 824 1323 ad
847 1263 989 1325 iudicem
1014 1267 1166 1354 debeant,
1190 1285 1226 1340 ut

687 1344 718 1403 ei
736 1343 834 1406 liceat
853 1345 938 1408 iuter
963 1345 1110 1415 homiues
1132 1357 1226 1420 habi-

685 1434 752 1486 tare
781 1425 808 1487 si
837 1437 910 1490 tam.
946 1440 1058 1491 auctor
1090 1441 1223 1504 sceleris

685 1503 1224 1592 (uana.turnielrul)suntden.VIII‚

684 1592 740 1672 qui
762 1592 821 1655 fae.
843 1592 901 1652 sol.
919 1595 981 1654 CC.
1000 1597 1085 1682 culp.
1104 1600 1168 1665 iud.
1190 1617 1224 1670 et

683 1673 740 1753 qui
770 1693 844 1733 eum
873 1685 1045 1757 antequam
1072 1703 1145 1744 eum
1169 1711 1224 1770 pu·

682 1755 828 1816 rentibus
866 1757 1011 1820 defuncti
1050 1765 1225 1832 satisfaciat

681 1835 856 1918 hospitium
867 1839 992 1902 dederit
1006 1841 1072 1907 DC.
1087 1850 1143 1931 qui
1158 1854 1229 1922 fae..

32 1979 37 1982 .
113 1884 164 1946 ⁸01·
183 1884 281 1951 XLV·
308 1885 394 1968 CUIP·
414 1884 481 1950 Iud·
515 1877 519 1888 I
680 1919 738 1985 sol.
758 1921 825 1983 XV.
846 1923 933 2006 culp.
956 1924 1025 1994 iud.

874 2075 1018 2156 XVIII.

702 2234 751 2333 ‚si
767 2237 840 2319 quis
859 2259 974 2323 cerpus
995 2245 1092 2311 oreisi
1113 2235 1214 2316 humi«

676 2337 726 2379 nis
748 2330 919 2402 antequam
942 2324 974 2384 iu
998 2335 1115 2393 terram
1139 2339 1216 2400 mit-

676 2409 763 2460 tatur
779 2401 812 2460 in
837 2405 962 2466 furtum
980 2415 1086 2492 expui.
1105 2423 1223 2492 (uranu

675 2484 906 2551 careomardot
927 2511 952 2548 s.
972 2490 1046 2557 den.
1066 2499 1213 2584 linqui

673 2564 736 2627 fae.
755 2565 815 2626 sol.
831 2567 935 2634 LXII.
949 2593 972 2630 s.
990 2575 1078 2660 culp.
1096 2579 1163 2643 iud.

170 2707 276 2782 XVI.
302 2709 362 2783 De
378 2711 564 2784 incendiis.
728 2713 835 2787 XIX.
885 2713 944 2791 De
961 2725 1149 2806 incendiis.

108 2903 112 2908 ·
144 2871 262 2955 Siquis
281 2895 354 2936 casa
374 2871 639 2956 alienaqualibet
713 2867 831 2950 Siquis
851 2891 952 2933 casam
965 2877 1209 2956 quamlibetsua

109 2972 194 3034 super
212 2957 355 3018 hominis
375 2957 562 3017 dormientis
584 2957 637 3015 in·
668 2970 728 3032 per
743 2949 908 3014 huminem
928 2955 1142 3026 dormientem
1159 2967 1208 3028 iu

108 3037 260 3116 cenderit,
284 3039 338 3100 eui
358 3039 458 3098 fuerit
479 3038 637 3120 adproba-
669 3031 814 3095 cenderit
829 3035 860 3095 ei
876 3037 928 3096 eui
948 3061 1017 3100 casa
1037 3053 1084 3104 est
1102 3059 1209 3120 (urus.

107 3125 280 3186 inmanius.
289 3122 338 3182 sel
345 3115 637 3202 uneqffesa)quam
668 3113 801 3191 andeba)
818 3127 894 3179 sunt
910 3121 983 3188 den.
997 3123 1068 3187 ΙΙΙ).
1078 3131 1135 3210 qui
1144 3135 1205 3197 Iac.

107 3197 230 3280 ingenui
254 3206 391 3266 fuerunt
411 3203 497 3262 intus
527 3201 635 3262 malIa-
670 3195 729 3261 sol.
744 3197 842 3260 LXII.
861 3222 884 3266 s.
904 3205 988 3288 euip.
1007 3205 1094 3275 iud..

107 3282 282 3363 reteniat,
314 3294 347 3347 et
364 3285 391 3346 si
412 3284 528 3366 aliquis
548 3285 635 3345 intus
687 3280 761 3373 ,lili
783 3303 861 3343 vero
878 3285 934 3366 qui
956 3289 1074 3353 exinde
1097 3315 1204 3362 evase*

108 3367 207 3426 arserit
238 3379 354 3444 (unns.
388 3367 494 3445 leodi,
529 3368 634 3427 selune
668 3370 735 3422 rlnt
754 3367 976 3451 unusquiSque
991 3393 1031 3433 ex
1046 3373 1122 3457 ipsis
1136 3403 1203 3442 ma·

108 3445 183 3524 effa)
198 3460 276 3512 sunt
290 3449 357 3511 din.
374 3451 488 3511 IIlDC.
504 3451 564 3510 fac.
577 3449 635 3510 sol.
666 3442 734 3506 lare
760 3467 832 3506 eum
863 3449 981 3512 dehent
1000 3476 1059 3536 per
1087 3467 1201 3533 (uass.

107 3525 195 3597 LXII.
212 3534 299 3616 culp.
319 3532 386 3598 iud.
406 3531 445 3592 de
461 3532 550 3592 leude
569 3532 634 3596 CC.
665 3547 720 3586 seu
752 3529 987 3610 eulandoueva)
1021 3550 1097 3600 sunt
1126 3543 1202 3608 deul

108 3611 180 3689 culp.
192 3615 260 3680 iud.
270 3613 333 3677 Cui
343 3635 459 3676 excusa
469 3623 634 3690 esquier.
665 3607 808 3692 linqui
826 3614 886 3672 fac.
903 3615 959 3674 sul.
973 3619 1103 3686 LXII.s.
1113 3631 1199 3712 culp.

108 3693 179 3754 undu
207 3696 278 3772 dil)
302 3707 380 3759 sunt
396 3697 461 3762 din.
482 3696 570 3756 VIII.
591 3696 632 3754 fa·
665 3691 731 3756 iud.
751 3693 808 3774 qui
831 3694 1018 3757 incendium
1037 3703 1124 3766 misit
1142 3713 1198 3780 eie.

107 3772 186 3838 ciunt
201 3781 261 3846 sol,
281 3781 347 3845 CC,
361 3780 446 3862 culp.
465 3778 532 3843 iud,
705 3775 739 3834 Si
758 3775 829 3858 quis
839 3777 958 3838 ibidem
972 3784 1083 3842 arserit
1094 3791 1199 3860 (uum.

440 3889 444 3897 ·
663 3855 772 3936 leud.)
794 3871 870 3920 sunt
882 3861 942 3921 den
960 3863 1048 3928 VIII.
1065 3870 1122 3948 qui
1136 3875 1196 3944 fae.

662 3937 721 4003 sol.
743 3937 809 4006 CC.
828 3943 914 4026 culp,
931 3943 996 4006 iud.
1201 3989 1203 3996 ,

139 4022 247 4106 Siquis
257 4024 394 4108 spIeario
406 4036 461 4086 aut
469 4025 629 4088 amachal-

106 4099 164 4164 lum
186 4129 259 4170 eum
277 4131 428 4186 annona,
459 4121 526 4172 sote
554 4132 627 4171 eum
880 4077 968 4147 XX·

105 4205 231 4268 porcus,
252 4191 358 4252 scuria
383 4214 456 4253 eum
477 4192 626 4252 animalia
699 4193 735 4256 Si
754 4192 827 4278 quis
849 4198 986 4280 spicario
1004 4214 1058 4266 aut
1074 4206 1202 4276 iuaffla.

856 4307 884 4380 8

776 768 848 848 quis
865 789 980 852 eorpus
1000 774 1161 855 sepultum
1179 781 1237 844 ef-·
1323 815 1327 826 ·
