2826 4998
216 261 268 341 64
537 281 641 337 anais
659 249 806 340 soncos
825 287 896 341 τη.
915 287 1025 343 xnus.

216 425 347 503 mines,
367 424 420 486 vel
442 441 566 484 caussas
591 421 751 486 mandare
764 422 810 499 d).
833 434 902 486 tum
915 426 1034 489 babere
1053 426 1193 503 dehent,
1216 440 1249 493 et
1263 441 1327 496 tres

214 507 258 575 Et
277 517 361 569 ῑηηο
382 507 459 582 ἰΙΙο,
483 504 541 588 qui
562 505 693 566 viduam
723 508 808 568 acci·
834 507 981 590 homines
995 532 1104 572 causas
1115 519 1181 573 tres
1194 513 1327 575 ‹leman-

214 589 405 678 perevu1t‚
435 609 509 648 cum
536 588 638 650 tribus
671 590 804 650 testibus
835 590 924 663 dure;
946 602 1075 653 cttunc
1097 593 1175 672 ille,
1197 597 1255 677 qni
1276 598 1327 658 vi-

215 673 273 758 qui
288 671 463 756 adprobare
478 669 614 748 debent,
636 678 700 732 tres
713 672 806 733 solid.
834 673 930 734 duam
961 675 1105 755 occipere
1133 677 1224 751 vult,
1252 699 1327 742 cum

215 777 318 839 aeque
349 761 545 840 pensantes,
574 762 608 814 et
639 753 807 815 denarium
832 755 934 817 tribus
951 757 1109 833 testibus,
1132 759 1190 839 qui
1208 761 1326 844 adpro-

213 836 334 900 babcre
358 836 464 898 debet.
503 836 545 896 Et
570 835 632 896 hoc
652 836 756 915 facto,
778 837 805 899 si
832 837 908 899 bare
919 838 1055 917 debent,
1074 847 1140 901 tres
1149 841 1209 907 sol.
1221 865 1325 925 aeque

213 921 261 986 cis
281 919 453 999 convenit,
475 916 764 1003 viduamaccipiat.
832 931 1003 1003 pensantes
1034 931 1066 982 et
1099 921 1174 984 den.
1200 923 1325 987 ‘habere

833 1001 984 1086 debets),
1006 1013 1039 1066 et
1053 1005 1114 1066 hoc
1126 1005 1225 1084 factu,
1237 1007 1266 1068 si
1279 1008 1326 1070 eis

832 1086 1004 1163 convenit,
1027 1085 1157 1148 viduam
1177 1090 1323 1173 accipiat

254 1163 298 1230 11.
340 1165 804 1246 Sivero'istaejnonfecerit,
872 1167 918 1234 ΙΙ.
959 1167 994 1228 Si
1013 1168 1089 1230 vero
1113 1168 1258 1232 istanon
1279 1174 1336 1234 fe-v

216 1257 249 1312 ct
261 1249 307 1312 sic
322 1271 396 1312 eum
414 1251 592 1332 acceperit,
618 1256 723 1325 (ninas.
746 1251 805 1310 Ilei
831 1249 931 1328 ecrit,
954 1259 987 1312 et
1001 1251 1048 1313 sic
1062 1271 1131 1312 eam
1147 1255 1328 1336 acceperit,¹

210 1332 292 1416 'ilaus
304 1334 378 1393 boec
389 1332 448 1391 clau
462 1331 492 1390 la
505 1334 601 1410 sinus)
611 1331 801 1394 ututuden.
831 1333 898 1408 illi,
929 1333 983 1392 cui
1006 1334 1138 1415 reippus
1164 1335 1323 1413 debetur,

212 1413 271 1496 qni
291 1413 597 1480 faciuntsol.LXll.
618 1414 802 1475 cumdimi-
828 1415 904 1478 111).
928 1414 1002 1475 den.
1026 1416 1083 1497 qui
1108 1415 1235 1479 faciunt
1262 1419 1322 1483 sol.

210 1495 266 1557 dio
285 1495 457 1579 culpabilis
472 1494 644 1562 iudicetur.
828 1495 929 1558 LXII.
947 1496 978 1559 S.
997 1500 1084 1580 culp.
1102 1497 1169 1559 iud.

251 1575 315 1645 Ill.
357 1579 392 1638 Si
417 1586 524 1638 autem
547 1585 630 1660 'quae
652 1578 800 1662 superius
869 1579 932 1641 111.
973 1581 1008 1640 si
1031 1589 1138 1641 autem
1159 1601 1242 1662 quae
1264 1604 1322 1644 su-

209 1655 349 1722 diximus
366 1661 474 1721 omnia
494 1661 672 1729 secundum
695 1662 799 1743 legem
825 1661 935 1742 penius
966 1661 1104 1724 diximus
1129 1663 1236 1723 omnia
1268 1687 1320 1726 se-

208 1742 410 1825 implevetit,
432 1751 465 1805 et
483 1751 548 1804 tres
564 1743 683 1804 solidos
695 1753 726 1804 et
740 1744 797 1804 de·
826 1745 968 1804 cundum
989 1745 1094 1827 legem
1115 1744 1320 1826 impleverit,

209 1825 337 1886 narium
358 1825 414 1887 ille
433 1825 485 1886 cui
500 1825 624 1908 Reiphe
660 1825 798 1887 debetur
825 1835 857 1888 et
868 1834 933 1892 tres
949 1821 1006 1886 sol.
1024 1835 1056 1888 et
1066 1827 1235 1888 denarium
1248 1828 1320 1906 illc,

208 1907 387 1992 acceperit,
410 1916 486 1968 tunc
500 1929 568 1968 eum
589 1907 729 1990 legitime
747 1931 798 1970 ac·
824 1909 878 1968 sui
895 1907 1026 1990 reippus
1053 1909 1200 1985 debetur,
1220 1931 1321 1970 acce-

206 1988 314 2074 cipiat.
355 1992 423 2052 Hoc
445 1990 796 2053 discernendumvide·
822 1990 928 2074 perit,
958 2001 1038 2053 tunc
1071 2012 1142 2068 eam
1170 1991 1320 2074 legitime

205 2081 284 2152 tur,
313 2073 366 2134 cui
396 2071 515 2156 Reipus
546 2073 711 2138 debeatur.
759 2073 794 2134 si
822 2073 966 2155 accipiat.

205 2174 307 2238 nepos
327 2154 444 2233 suerit,
473 2155 590 2217 sororis
615 2155 719 2232 filius,
741 2175 794 2216 se·
862 2155 921 2221 lv.
962 2157 1031 2218 Ηοο
1061 2139 1319 2220 ‹liscernendum

204 2236 280 2299 nior
300 2238 358 2299 ille
382 2237 534 2320 accipian
557 2237 661 2319 quisi
688 2237 793 2319 neptis
821 2238 978 2318 videtur,
1005 2238 1065 2301 cui
1091 2240 1222 2324 reippus
1253 2240 1317 2304 de-

202 2319 290 2384 filius
323 2342 388 2382 ηοη
418 2319 541 2398 fuerit,
574 2319 793 2382 Consobrinus
819 2320 942 2386 beatur.

204 2401 318 2483 filius,
344 2403 401 2498 vqiu
427 2423 468 2464 ex
495 2411 639 2464 materno
672 2423 790 2486 genere
860 2402 901 2464 V.
942 2401 977 2463 Si
995 2402 1316 2486 nepusfueritsoro-

203 2485 319 2564 venit,
349 2507 417 2568 ipse
444 2484 588 2566 accipiat.
628 2485 662 2544 si
683 2491 790 2546 autem
818 2483 873 2547 ris
885 2483 971 2548 filius
989 2487 1118 2567 senior,
1145 2487 1202 2548 ille
1225 2485 1338 2570 reip·

203 2567 487 2630 necconsobrinus
502 2565 789 2644 filiusfuerit,tunc
816 2589 894 2652 pum
912 2567 1056 2650 accipiat.

116 2723 118 2730 Ι
200 2651 380 2714 avunculus
401 2651 501 2711 frater
523 2648 631 2712 matris
652 2648 789 2731 Reipum
858 2649 915 2712 VI.
955 2651 991 2711 si
1017 2671 1095 2713 vero
1120 2669 1222 2732 nepus
1240 2669 1314 2710 non

200 2734 347 2830 accipiat.
387 2732 422 2794 Si
443 2733 708 2794 teroavanculus
723 2753 787 2792 non
816 2731 933 2808 fuerit,
957 2733 1063 2814 neptis
1089 2731 1176 2794 filius
1198 2731 1315 2794 senior

199 2815 321 2895 fuerit,
350 2825 429 2877 tunc
456 2815 557 2876 frater
583 2814 696 2891 illius,
730 2813 787 2894 qui
816 2815 874 2876 ille
894 2813 1039 2898 accipiat

200 2895 303 2994 iissem
322 2898 493 2960 mulierem
512 2896 787 2972 anteahabucrat,
856 2895 929 2960 VII.
970 2892 1314 2978 Quodsineptisfilius

199 2999 228 3042 st
246 2980 281 3039 in
301 2979 532 3042 haereditatem
560 2977 705 3038 defuncti
727 2978 788 3038 fra·
815 2978 1015 3058 moluerit,
1037 2978 1249 3042 consobrinae
1269 2981 1313 3040 fi-

200 3059 785 3139 tris,idest,maritimulierisillius,
815 3060 895 3137 lius,
924 3059 981 3142 qui
1010 3081 1051 3123 ex
1079 3071 1224 3123 materno
1254 3085 1312 3146 ge·

199 3152 440 3208 venturus-non
459 3152 522 3220 est,
543 3141 611 3224 ipse
628 3142 788 3225 Reippum
815 3162 893 3204 nere
908 3141 1014 3218 venit,
1037 3143 1104 3227 ipse
1123 3145 1272 3227 accipiat.

199 3227 344 3310 accipiat.
386 3225 482 3302 Quod
502 3225 529 3288 si
554 3223 788 3304 necipssfue·
857 3223 949 3286 Vlll.
990 3224 1311 3287 Siautemneceon·

200 3309 261 3386 rit,
282 3318 362 3369 tuuc
376 3307 434 3389 qui
449 3307 610 3389 proximus
626 3305 725 3366 suerit
737 3327 787 3366 su·
813 3305 961 3367 sobrinae
980 3307 1064 3369 filius
1085 3309 1202 3384 fuerit,
1225 3318 1310 3372 tunc

197 3390 308 3474 perias
323 3388 513 3467 nominatis,
532 3388 579 3450 sui
600 3387 786 3468 singillatim
813 3389 1310 3476 avunculusfraterjmatrisreip-

197 3472 378 3536 seeundum
389 3472 585 3556 parentelam
603 3469 681 3529 dicti
700 3479 786 3546 sunt,
812 3493 889 3554 pum
901 3472 1050 3554 accipiat.
1244 3470 1246 3474 ’

198 3577 237 3618 us
262 3577 302 3617 ue
323 3554 363 3615 ad
385 3563 509 3616 sextum
529 3551 736 3634 geniculum,
758 3553 785 3612 si
852 3553 910 3616 lX.
950 3556 986 3617 Si
1013 3576 1090 3617 vero
1111 3556 1309 3632 ,avunculus

196 3578 483 3699 inbuereditatem
501 3637 589 3698 illius
608 3634 711 3694 mariti
733 3634 785 3694 de·
812 3657 877 3696 ηοη
901 3638 1018 3717 fuerit,
1046 3647 1124 3699 tunc
1145 3639 1247 3699 frater
1267 3639 1307 3700 il-

197 3720 305 3783 functi
331 3741 403 3782 non.
423 3720 574 3792 accedat,
596 3717 664 3802 ipse
684 3716 785 3801 Reip-
811 3718 892 3796 lius,
922 3720 978 3802 qui
1006 3719 1107 3802 ipsam
1132 3720 1306 3782 mulierem

196 3825 256 3888 pos
274 3801 420 3888 occipiat.
812 3811 885 3862 ante
905 3800 1076 3882 habuerat,
1099 3802 1175 3864 siin
1191 3800 1306 3867 haere·

269 3974 303 4043 d)
321 3973 356 4026 In
369 3991 449 4041 marg.
467 3972 572 4027 delent.
609 3973 685 4024 Tunc
698 3972 811 4042 insequi
826 3971 939 4026 viduam
957 3975 1082 4044 accipere
1100 3971 1178 4026 debet
1192 3985 1305 4028 tresso-

198 4049 271 4100 lidos
288 4063 375 4116 aeque
401 4057 545 4115 pensantes
566 4056 591 4095 et
614 4041 757 4094 denarium
773 4041 873 4094 tatere
897 4042 993 4105 debet,
1010 4057 1036 4096 et
1052 4057 1105 4096 tres
1122 4057 1222 4104 erunt,
1252 4047 1306 4116 qui

162 4148 164 4156 ³
196 4118 301 4172 solidos
319 4132 435 4176 pensare
459 4116 506 4168 vel
524 4114 643 4182 probare
662 4109 776 4170 debent,
803 4124 829 4163 at
846 4113 1033 4184 bocfactum,
1061 4115 1087 4164 si
1104 4114 1131 4166 ei
1150 4118 1301 4174 convenit,

197 4186 437 4254 sieaccipiotcui
453 4183 592 4236 debeatur.
662 4188 691 4244 e)
713 4182 745 4234 ln
759 4197 840 4246 marg.
867 4181 959 4234 istud?
1015 4185 1056 4255 f)
1076 4186 1138 4236 Duo
1159 4183 1232 4238 Pitb.
1252 4184 1304 4236 ad·

199 4261 284 4311 dunt:
314 4256 353 4306 Et
364 4267 418 4310 tres
435 4267 525 4317 erunt,
545 4254 595 4326 qui
611 4250 712 4305 solidas
731 4265 851 4322 petitore
868 4255 914 4307 vel
934 4253 1053 4324 probare
1071 4252 1194 4318 debent„
