<?xml version="1.0" encoding="UTF-8"?>
<!DOCTYPE html PUBLIC "-//W3C//DTD XHTML 1.0 Transitional//EN"
    "http://www.w3.org/TR/xhtml1/DTD/xhtml1-transitional.dtd">
<html xmlns="http://www.w3.org/1999/xhtml" xml:lang="en" lang="en">
 <head>
  <title>
</title>
<meta http-equiv="Content-Type" content="text/html;charset=utf-8" />
  <meta name='ocr-system' content='tesseract 3.04.00' />
  <meta name='ocr-capabilities' content='ocr_page ocr_carea ocr_par ocr_line ocrx_word'/>
</head>
<body>
  <div class='ocr_page' id='page_1' title='image "./corpusiurisgerm02visigoog/corpusiurisgerm02visigoog_0041.png"; bbox 0 0 2826 4998; ppageno 0'>
   <div class='ocr_carea' id='block_1_1' title="bbox 224 376 985 448">
    <p class='ocr_par' dir='ltr' id='par_1_1' title="bbox 224 376 985 448">
     <span class='ocr_line' id='line_1_1' title="bbox 224 376 985 448; baseline 0.001 -1"><span class='ocrx_word' id='word_1_1' title='bbox 224 376 273 447; x_wconf 79' lang='lat'><strong>20</strong></span> <span class='ocrx_word' id='word_1_2' title='bbox 563 391 665 445; x_wconf 79' lang='lat' dir='ltr'><strong>naurs</strong></span> <span class='ocrx_word' id='word_1_3' title='bbox 689 391 836 446; x_wconf 75' lang='lat' dir='ltr'><strong>sanctu</strong></span> <span class='ocrx_word' id='word_1_4' title='bbox 856 391 927 445; x_wconf 83' lang='lat' dir='ltr'><strong>rrr.</strong></span> <span class='ocrx_word' id='word_1_5' title='bbox 951 391 985 448; x_wconf 85' lang='lat' dir='ltr'><strong>x.</strong></span> 
     </span>
    </p>
   </div>
   <div class='ocr_carea' id='block_1_2' title="bbox 149 525 1329 2332">
    <p class='ocr_par' dir='ltr' id='par_1_2' title="bbox 149 525 1327 776">
     <span class='ocr_line' id='line_1_2' title="bbox 149 525 1327 620; baseline -0.008 -24"><span class='ocrx_word' id='word_1_6' title='bbox 149 603 152 608; x_wconf 54' lang='grc'><em>,</em></span> <span class='ocrx_word' id='word_1_7' title='bbox 223 533 323 620; x_wconf 86' lang='lat' dir='ltr'><strong>pitale</strong></span> <span class='ocrx_word' id='word_1_8' title='bbox 345 531 378 592; x_wconf 94' lang='lat' dir='ltr'><strong>in</strong></span> <span class='ocrx_word' id='word_1_9' title='bbox 400 528 472 590; x_wconf 89' lang='lat' dir='ltr'><strong>loco</strong></span> <span class='ocrx_word' id='word_1_10' title='bbox 490 527 646 592; x_wconf 88' lang='lat' dir='ltr'><strong>restituat.</strong></span> <span class='ocrx_word' id='word_1_11' title='bbox 680 527 805 591; x_wconf 83' lang='lat' dir='ltr'><strong>Sivero</strong></span> <span class='ocrx_word' id='word_1_12' title='bbox 833 529 890 612; x_wconf 89' lang='lat' dir='ltr'><strong>qui</strong></span> <span class='ocrx_word' id='word_1_13' title='bbox 909 529 1032 591; x_wconf 85' lang='lat' dir='ltr'><strong>faciunt</strong></span> <span class='ocrx_word' id='word_1_14' title='bbox 1051 529 1107 590; x_wconf 88' lang='lat' dir='ltr'><strong>sol.</strong></span> <span class='ocrx_word' id='word_1_15' title='bbox 1138 525 1212 592; x_wconf 89' lang='lat' dir='ltr'><strong>XV.</strong></span> <span class='ocrx_word' id='word_1_16' title='bbox 1241 525 1327 610; x_wconf 85' lang='lat' dir='ltr'><strong>culp.</strong></span> 
     </span>
     <span class='ocr_line' id='line_1_3' title="bbox 223 609 1260 700; baseline -0.005 -22"><span class='ocrx_word' id='word_1_17' title='bbox 223 613 407 700; x_wconf 83' lang='lat' dir='ltr'>negaverit,</span> <span class='ocrx_word' id='word_1_18' title='bbox 427 609 484 672; x_wconf 87' lang='lat' dir='ltr'><strong>sed</strong></span> <span class='ocrx_word' id='word_1_19' title='bbox 497 620 602 672; x_wconf 89' lang='lat' dir='ltr'><strong>tamen</strong></span> <span class='ocrx_word' id='word_1_20' title='bbox 619 611 723 674; x_wconf 82' lang='lat' dir='ltr'><strong>victus</strong></span> <span class='ocrx_word' id='word_1_21' title='bbox 738 612 807 672; x_wconf 86' lang='lat' dir='ltr'><strong>fue·</strong></span> <span class='ocrx_word' id='word_1_22' title='bbox 832 611 900 679; x_wconf 87' lang='lat' dir='ltr'><strong>iud.</strong></span> <span class='ocrx_word' id='word_1_23' title='bbox 919 633 988 676; x_wconf 85' lang='lat' dir='ltr'><strong>exc.</strong></span> <span class='ocrx_word' id='word_1_24' title='bbox 1002 633 1070 694; x_wconf 86' lang='lat' dir='ltr'><strong>cap.</strong></span> <span class='ocrx_word' id='word_1_25' title='bbox 1089 619 1121 672; x_wconf 89' lang='lat' dir='ltr'><strong>et</strong></span> <span class='ocrx_word' id='word_1_26' title='bbox 1142 609 1199 670; x_wconf 89' lang='lat' dir='ltr'><strong>dil.</strong></span> <span class='ocrx_word' id='word_1_27' title='bbox 1221 617 1260 682; x_wconf 80' lang='lat' dir='ltr'><strong>t).</strong></span> 
     </span>
     <span class='ocr_line' id='line_1_4' title="bbox 224 691 803 776; baseline -0.016 -16"><span class='ocrx_word' id='word_1_28' title='bbox 224 699 277 776; x_wconf 90' lang='lat' dir='ltr'><strong>rit,</strong></span> <span class='ocrx_word' id='word_1_29' title='bbox 309 700 415 773; x_wconf 73' lang='lat' dir='ltr'><strong>(narn.</strong></span> <span class='ocrx_word' id='word_1_30' title='bbox 437 691 617 770; x_wconf 85' lang='lat' dir='ltr'><strong>Leodardi)</strong></span> <span class='ocrx_word' id='word_1_31' title='bbox 636 697 703 758; x_wconf 83' lang='lat' dir='ltr'><strong>Dc.</strong></span> <span class='ocrx_word' id='word_1_32' title='bbox 728 692 803 752; x_wconf 89' lang='lat' dir='ltr'><strong>den.</strong></span> 
     </span>
    </p>

    <p class='ocr_par' dir='ltr' id='par_1_3' title="bbox 223 774 806 861">
     <span class='ocr_line' id='line_1_5' title="bbox 223 774 806 861; baseline -0.007 -22"><span class='ocrx_word' id='word_1_33' title='bbox 223 781 281 861; x_wconf 87' lang='lat' dir='ltr'><strong>qni</strong></span> <span class='ocrx_word' id='word_1_34' title='bbox 308 775 431 837; x_wconf 89' lang='lat' dir='ltr'><strong>faciunt</strong></span> <span class='ocrx_word' id='word_1_35' title='bbox 454 774 511 834; x_wconf 87' lang='lat' dir='ltr'><strong>sol.</strong></span> <span class='ocrx_word' id='word_1_36' title='bbox 538 776 610 841; x_wconf 89' lang='lat' dir='ltr'><strong>XV.</strong></span> <span class='ocrx_word' id='word_1_37' title='bbox 636 774 806 858; x_wconf 86' lang='lat' dir='ltr'><strong>culpabilis</strong></span> 
     </span>
    </p>

    <p class='ocr_par' dir='ltr' id='par_1_4' title="bbox 223 856 764 939">
     <span class='ocr_line' id='line_1_6' title="bbox 223 856 764 939; baseline -0.009 -17"><span class='ocrx_word' id='word_1_38' title='bbox 223 861 395 934; x_wconf 91' lang='lat' dir='ltr'><strong>iudicetur,</strong></span> <span class='ocrx_word' id='word_1_39' title='bbox 421 864 555 938; x_wconf 87' lang='lat' dir='ltr'><strong>excepto</strong></span> <span class='ocrx_word' id='word_1_40' title='bbox 571 877 637 939; x_wconf 86' lang='lat' dir='ltr'><strong>cap.</strong></span> <span class='ocrx_word' id='word_1_41' title='bbox 657 867 689 918; x_wconf 89' lang='lat' dir='ltr'><strong>et</strong></span> <span class='ocrx_word' id='word_1_42' title='bbox 701 856 764 917; x_wconf 93' lang='lat' dir='ltr'><strong>del.</strong></span> 
     </span>
    </p>

    <p class='ocr_par' dir='ltr' id='par_1_5' title="bbox 222 937 1329 1429">
     <span class='ocr_line' id='line_1_7' title="bbox 263 937 1327 1022; baseline -0.002 -22"><span class='ocrx_word' id='word_1_43' title='bbox 263 943 305 1008; x_wconf 97' lang='lat' dir='ltr'><strong>V.</strong></span> <span class='ocrx_word' id='word_1_44' title='bbox 346 937 806 1019; x_wconf 88' lang='lat' dir='ltr'><strong>Sialicniusporci,autquod·</strong></span> <span class='ocrx_word' id='word_1_45' title='bbox 872 941 912 1006; x_wconf 77' lang='lat' dir='ltr'><strong>V,</strong></span> <span class='ocrx_word' id='word_1_46' title='bbox 953 938 987 999; x_wconf 88' lang='lat' dir='ltr'><strong>si</strong></span> <span class='ocrx_word' id='word_1_47' title='bbox 1032 939 1105 1022; x_wconf 88' lang='lat' dir='ltr'><strong>q·uis</strong></span> <span class='ocrx_word' id='word_1_48' title='bbox 1136 939 1169 998; x_wconf 93' lang='lat' dir='ltr'><strong>in</strong></span> <span class='ocrx_word' id='word_1_49' title='bbox 1221 958 1327 999; x_wconf 89' lang='lat' dir='ltr'><strong>messe</strong></span> 
     </span>
     <span class='ocr_line' id='line_1_8' title="bbox 222 1019 1328 1106; baseline -0.007 -19"><span class='ocrx_word' id='word_1_50' title='bbox 222 1026 302 1086; x_wconf 88' lang='lat' dir='ltr'><strong>libet</strong></span> <span class='ocrx_word' id='word_1_51' title='bbox 324 1042 421 1106; x_wconf 88' lang='lat' dir='ltr'><strong>pecus</strong></span> <span class='ocrx_word' id='word_1_52' title='bbox 443 1029 578 1102; x_wconf 64' lang='lat' dir='ltr'><strong>pastore⁸</strong></span> <span class='ocrx_word' id='word_1_53' title='bbox 591 1021 675 1081; x_wconf 90' lang='lat' dir='ltr'><strong>illud</strong></span> <span class='ocrx_word' id='word_1_54' title='bbox 697 1030 805 1081; x_wconf 89' lang='lat' dir='ltr'><strong>custo·</strong></span> <span class='ocrx_word' id='word_1_55' title='bbox 832 1044 899 1099; x_wconf 87' lang='lat' dir='ltr'><strong>sna,</strong></span> <span class='ocrx_word' id='word_1_56' title='bbox 915 1042 1031 1104; x_wconf 90' lang='lat' dir='ltr'><strong>pecora</strong></span> <span class='ocrx_word' id='word_1_57' title='bbox 1051 1022 1156 1081; x_wconf 86' lang='lat' dir='ltr'><strong>aliena</strong></span> <span class='ocrx_word' id='word_1_58' title='bbox 1181 1019 1328 1081; x_wconf 79' lang='lat' dir='ltr'><strong>invene·</strong></span> 
     </span>
     <span class='ocr_line' id='line_1_9' title="bbox 222 1101 1329 1185; baseline -0.009 -16"><span class='ocrx_word' id='word_1_59' title='bbox 222 1108 343 1182; x_wconf 87' lang='lat' dir='ltr'><strong>diente,</strong></span> <span class='ocrx_word' id='word_1_60' title='bbox 371 1103 404 1162; x_wconf 93' lang='lat' dir='ltr'><strong>in</strong></span> <span class='ocrx_word' id='word_1_61' title='bbox 428 1123 561 1162; x_wconf 81' lang='lat' dir='ltr'><strong>messem</strong></span> <span class='ocrx_word' id='word_1_62' title='bbox 583 1102 720 1164; x_wconf 90' lang='lat' dir='ltr'><strong>alienam</strong></span> <span class='ocrx_word' id='word_1_63' title='bbox 748 1123 806 1163; x_wconf 91' lang='lat' dir='ltr'><strong>cu·</strong></span> <span class='ocrx_word' id='word_1_64' title='bbox 831 1104 885 1180; x_wconf 89' lang='lat' dir='ltr'><strong>rit,</strong></span> <span class='ocrx_word' id='word_1_65' title='bbox 907 1125 987 1184; x_wconf 90' lang='lat' dir='ltr'><strong>quae</strong></span> <span class='ocrx_word' id='word_1_66' title='bbox 1006 1112 1165 1185; x_wconf 80' lang='lat' dir='ltr'><strong>pastorem</strong></span> <span class='ocrx_word' id='word_1_67' title='bbox 1182 1123 1253 1164; x_wconf 92' lang='lat' dir='ltr'><strong>non</strong></span> <span class='ocrx_word' id='word_1_68' title='bbox 1269 1101 1329 1160; x_wconf 87' lang='lat' dir='ltr'><strong>ha-</strong></span> 
     </span>
     <span class='ocr_line' id='line_1_10' title="bbox 222 1182 1328 1266; baseline -0.009 -15"><span class='ocrx_word' id='word_1_69' title='bbox 222 1187 371 1261; x_wconf 88' lang='lat' dir='ltr'><strong>currerit,</strong></span> <span class='ocrx_word' id='word_1_70' title='bbox 397 1192 429 1244; x_wconf 92' lang='lat' dir='ltr'><strong>et</strong></span> <span class='ocrx_word' id='word_1_71' title='bbox 444 1185 513 1265; x_wconf 89' lang='lat' dir='ltr'><strong>ipso</strong></span> <span class='ocrx_word' id='word_1_72' title='bbox 536 1193 692 1266; x_wconf 84' lang='lat' dir='ltr'><strong>negante,</strong></span> <span class='ocrx_word' id='word_1_73' title='bbox 721 1183 747 1246; x_wconf 91' lang='lat' dir='ltr'><strong>si</strong></span> <span class='ocrx_word' id='word_1_74' title='bbox 775 1182 805 1244; x_wconf 92' lang='lat' dir='ltr'><strong>ei</strong></span> <span class='ocrx_word' id='word_1_75' title='bbox 831 1186 944 1262; x_wconf 88' lang='lat' dir='ltr'><strong>beant,</strong></span> <span class='ocrx_word' id='word_1_76' title='bbox 971 1194 1003 1244; x_wconf 88' lang='lat' dir='ltr'><strong>et</strong></span> <span class='ocrx_word' id='word_1_77' title='bbox 1022 1206 1059 1246; x_wconf 86' lang='lat' dir='ltr'><strong>ea</strong></span> <span class='ocrx_word' id='word_1_78' title='bbox 1077 1184 1270 1245; x_wconf 87' lang='lat' dir='ltr'><strong>inclanserit</strong></span> <span class='ocrx_word' id='word_1_79' title='bbox 1291 1192 1328 1242; x_wconf 92' lang='lat' dir='ltr'><strong>ut</strong></span> 
     </span>
     <span class='ocr_line' id='line_1_11' title="bbox 222 1265 1328 1349; baseline -0.007 -17"><span class='ocrx_word' id='word_1_80' title='bbox 222 1270 322 1332; x_wconf 82' lang='lat' dir='ltr'><strong>fuerit</strong></span> <span class='ocrx_word' id='word_1_81' title='bbox 342 1266 563 1349; x_wconf 87' lang='lat' dir='ltr'><strong>adprobatum,</strong></span> <span class='ocrx_word' id='word_1_82' title='bbox 593 1271 702 1342; x_wconf 73' lang='lat' dir='ltr'><strong>(usus.</strong></span> <span class='ocrx_word' id='word_1_83' title='bbox 728 1265 807 1324; x_wconf 85' lang='lat' dir='ltr'><strong>Leo·</strong></span> <span class='ocrx_word' id='word_1_84' title='bbox 833 1266 917 1326; x_wconf 89' lang='lat' dir='ltr'><strong>nulli</strong></span> <span class='ocrx_word' id='word_1_85' title='bbox 934 1267 1062 1349; x_wconf 89' lang='lat' dir='ltr'><strong>penitus</strong></span> <span class='ocrx_word' id='word_1_86' title='bbox 1082 1267 1277 1342; x_wconf 87' lang='lat' dir='ltr'><strong>innotescat,</strong></span> <span class='ocrx_word' id='word_1_87' title='bbox 1296 1273 1328 1326; x_wconf 89' lang='lat' dir='ltr'><strong>et</strong></span> 
     </span>
     <span class='ocr_line' id='line_1_12' title="bbox 222 1346 1327 1429; baseline -0.005 -17"><span class='ocrx_word' id='word_1_88' title='bbox 222 1350 319 1414; x_wconf 79' lang='lat' dir='ltr'><strong>dardi</strong></span> <span class='ocrx_word' id='word_1_89' title='bbox 341 1350 407 1408; x_wconf 80' lang='lat' dir='ltr'><strong>sice</strong></span> <span class='ocrx_word' id='word_1_90' title='bbox 434 1346 515 1406; x_wconf 85' lang='lat' dir='ltr'><strong>ande</strong></span> <span class='ocrx_word' id='word_1_91' title='bbox 539 1349 629 1424; x_wconf 72' lang='lat' dir='ltr'><strong>sitio)</strong></span> <span class='ocrx_word' id='word_1_92' title='bbox 656 1346 725 1428; x_wconf 92' lang='lat' dir='ltr'><strong>ipso</strong></span> <span class='ocrx_word' id='word_1_93' title='bbox 746 1366 811 1406; x_wconf 90' lang='lat' dir='ltr'><strong>ne-·</strong></span> <span class='ocrx_word' id='word_1_94' title='bbox 833 1349 938 1429; x_wconf 88' lang='lat' dir='ltr'><strong>aliqua</strong></span> <span class='ocrx_word' id='word_1_95' title='bbox 947 1370 987 1409; x_wconf 87' lang='lat' dir='ltr'><strong>ex</strong></span> <span class='ocrx_word' id='word_1_96' title='bbox 1002 1349 1262 1429; x_wconf 87' lang='lat' dir='ltr'><strong>ipsispecoribus</strong></span> <span class='ocrx_word' id='word_1_97' title='bbox 1272 1367 1327 1429; x_wconf 89' lang='lat' dir='ltr'><strong>pe-</strong></span> 
     </span>
    </p>

    <p class='ocr_par' dir='ltr' id='par_1_6' title="bbox 222 1427 1325 1677">
     <span class='ocr_line' id='line_1_13' title="bbox 244 1427 1325 1511; baseline -0.007 -18"><span class='ocrx_word' id='word_1_98' title='bbox 244 1441 317 1493; x_wconf 85' lang='lat' dir='ltr'><strong>ante</strong></span> <span class='ocrx_word' id='word_1_99' title='bbox 338 1430 365 1492; x_wconf 90' lang='lat' dir='ltr'><strong>si</strong></span> <span class='ocrx_word' id='word_1_100' title='bbox 385 1427 593 1509; x_wconf 89' lang='lat' dir='ltr'><strong>adprobatum</strong></span> <span class='ocrx_word' id='word_1_101' title='bbox 610 1429 720 1507; x_wconf 84' lang='lat' dir='ltr'><strong>luerit,</strong></span> <span class='ocrx_word' id='word_1_102' title='bbox 740 1428 806 1488; x_wconf 88' lang='lat' dir='ltr'><strong>Dc.</strong></span> <span class='ocrx_word' id='word_1_103' title='bbox 832 1431 965 1506; x_wconf 91' lang='lat' dir='ltr'><strong>rierint,</strong></span> <span class='ocrx_word' id='word_1_104' title='bbox 996 1432 1131 1495; x_wconf 89' lang='lat' dir='ltr'><strong>ICCGC.</strong></span> <span class='ocrx_word' id='word_1_105' title='bbox 1163 1431 1241 1491; x_wconf 86' lang='lat' dir='ltr'><strong>den.</strong></span> <span class='ocrx_word' id='word_1_106' title='bbox 1267 1428 1325 1511; x_wconf 91' lang='lat' dir='ltr'><strong>qui</strong></span> 
     </span>
     <span class='ocr_line' id='line_1_14' title="bbox 222 1456 1325 1595; baseline -0.007 -18"><span class='ocrx_word' id='word_1_107' title='bbox 222 1456 297 1577; x_wconf 67' lang='lat' dir='ltr'><strong>den.</strong></span> <span class='ocrx_word' id='word_1_108' title='bbox 316 1511 372 1595; x_wconf 87' lang='lat' dir='ltr'><strong>qui</strong></span> <span class='ocrx_word' id='word_1_109' title='bbox 390 1510 515 1571; x_wconf 85' lang='lat' dir='ltr'><strong>faciunt</strong></span> <span class='ocrx_word' id='word_1_110' title='bbox 543 1510 600 1570; x_wconf 88' lang='lat' dir='ltr'><strong>sol.</strong></span> <span class='ocrx_word' id='word_1_111' title='bbox 624 1511 694 1575; x_wconf 90' lang='lat' dir='ltr'><strong>XV.</strong></span> <span class='ocrx_word' id='word_1_112' title='bbox 721 1509 805 1591; x_wconf 87' lang='lat' dir='ltr'><strong>culp.</strong></span> <span class='ocrx_word' id='word_1_113' title='bbox 831 1511 956 1572; x_wconf 85' lang='lat' dir='ltr'><strong>faciunt</strong></span> <span class='ocrx_word' id='word_1_114' title='bbox 967 1511 1024 1576; x_wconf 92' lang='lat' dir='ltr'><strong>sol.</strong></span> <span class='ocrx_word' id='word_1_115' title='bbox 1035 1513 1171 1577; x_wconf 87' lang='lat' dir='ltr'><strong>XXXV.</strong></span> <span class='ocrx_word' id='word_1_116' title='bbox 1193 1510 1325 1594; x_wconf 87' lang='lat' dir='ltr'><strong>culpab.</strong></span> 
     </span>
     <span class='ocr_line' id='line_1_15' title="bbox 223 1591 1199 1677; baseline -0.004 -19"><span class='ocrx_word' id='word_1_117' title='bbox 223 1596 293 1674; x_wconf 85' lang='lat' dir='ltr'><strong>iud.¹</strong></span> <span class='ocrx_word' id='word_1_118' title='bbox 314 1615 383 1658; x_wconf 83' lang='lat' dir='ltr'><strong>exc.</strong></span> <span class='ocrx_word' id='word_1_119' title='bbox 410 1614 477 1673; x_wconf 88' lang='lat' dir='ltr'><strong>cap.</strong></span> <span class='ocrx_word' id='word_1_120' title='bbox 501 1600 534 1653; x_wconf 89' lang='lat' dir='ltr'><strong>et</strong></span> <span class='ocrx_word' id='word_1_121' title='bbox 559 1591 623 1656; x_wconf 88' lang='lat' dir='ltr'><strong>del.</strong></span> <span class='ocrx_word' id='word_1_122' title='bbox 833 1594 898 1655; x_wconf 90' lang='lat' dir='ltr'><strong>ind.</strong></span> <span class='ocrx_word' id='word_1_123' title='bbox 917 1615 985 1656; x_wconf 79' lang='lat' dir='ltr'><strong>exc.</strong></span> <span class='ocrx_word' id='word_1_124' title='bbox 1009 1615 1076 1677; x_wconf 91' lang='lat' dir='ltr'><strong>cap.</strong></span> <span class='ocrx_word' id='word_1_125' title='bbox 1094 1604 1125 1655; x_wconf 92' lang='lat' dir='ltr'><strong>et</strong></span> <span class='ocrx_word' id='word_1_126' title='bbox 1144 1593 1199 1654; x_wconf 91' lang='lat' dir='ltr'><strong>dil.</strong></span> 
     </span>
    </p>

    <p class='ocr_par' dir='ltr' id='par_1_7' title="bbox 221 1672 1326 2332">
     <span class='ocr_line' id='line_1_16' title="bbox 262 1672 1325 1756; baseline -0.004 -19"><span class='ocrx_word' id='word_1_127' title='bbox 262 1678 318 1742; x_wconf 93' lang='lat' dir='ltr'><strong>VI.</strong></span> <span class='ocrx_word' id='word_1_128' title='bbox 359 1676 393 1736; x_wconf 89' lang='lat' dir='ltr'><strong>Si</strong></span> <span class='ocrx_word' id='word_1_129' title='bbox 415 1675 505 1735; x_wconf 86' lang='lat' dir='ltr'><strong>cuius</strong></span> <span class='ocrx_word' id='word_1_130' title='bbox 522 1694 638 1754; x_wconf 88' lang='lat' dir='ltr'><strong>pecora</strong></span> <span class='ocrx_word' id='word_1_131' title='bbox 661 1672 701 1734; x_wconf 88' lang='lat' dir='ltr'><strong>de</strong></span> <span class='ocrx_word' id='word_1_132' title='bbox 717 1673 806 1734; x_wconf 88' lang='lat' dir='ltr'><strong>dam·</strong></span> <span class='ocrx_word' id='word_1_133' title='bbox 875 1675 931 1738; x_wconf 92' lang='lat' dir='ltr'><strong>VI.</strong></span> <span class='ocrx_word' id='word_1_134' title='bbox 973 1676 1007 1735; x_wconf 92' lang='lat' dir='ltr'><strong>Si</strong></span> <span class='ocrx_word' id='word_1_135' title='bbox 1027 1675 1099 1756; x_wconf 89' lang='lat' dir='ltr'><strong>quis</strong></span> <span class='ocrx_word' id='word_1_136' title='bbox 1119 1674 1249 1753; x_wconf 89' lang='lat' dir='ltr'><strong>animal,</strong></span> <span class='ocrx_word' id='word_1_137' title='bbox 1272 1674 1325 1736; x_wconf 81' lang='lat' dir='ltr'><strong>vel</strong></span> 
     </span>
     <span class='ocr_line' id='line_1_17' title="bbox 222 1755 1326 1840; baseline -0.007 -17"><span class='ocrx_word' id='word_1_138' title='bbox 222 1782 277 1836; x_wconf 92' lang='lat' dir='ltr'><strong>no,</strong></span> <span class='ocrx_word' id='word_1_139' title='bbox 295 1779 369 1820; x_wconf 88' lang='lat' dir='ltr'><strong>cnm</strong></span> <span class='ocrx_word' id='word_1_140' title='bbox 385 1756 464 1818; x_wconf 86' lang='lat' dir='ltr'><strong>alios</strong></span> <span class='ocrx_word' id='word_1_141' title='bbox 482 1755 606 1816; x_wconf 88' lang='lat' dir='ltr'><strong>labores</strong></span> <span class='ocrx_word' id='word_1_142' title='bbox 630 1763 805 1832; x_wconf 87' lang='lat' dir='ltr'><strong>vastantur,</strong></span> <span class='ocrx_word' id='word_1_143' title='bbox 832 1757 1001 1840; x_wconf 87' lang='lat' dir='ltr'><strong>quodlibet</strong></span> <span class='ocrx_word' id='word_1_144' title='bbox 1018 1779 1132 1840; x_wconf 90' lang='lat' dir='ltr'><strong>pecus,</strong></span> <span class='ocrx_word' id='word_1_145' title='bbox 1155 1777 1216 1840; x_wconf 88' lang='lat' dir='ltr'><strong>per</strong></span> <span class='ocrx_word' id='word_1_146' title='bbox 1234 1778 1326 1817; x_wconf 89' lang='lat' dir='ltr'><strong>suam</strong></span> 
     </span>
     <span class='ocr_line' id='line_1_18' title="bbox 221 1836 1325 1922; baseline -0.007 -17"><span class='ocrx_word' id='word_1_147' title='bbox 221 1852 277 1905; x_wconf 91' lang='lat' dir='ltr'><strong>aut</strong></span> <span class='ocrx_word' id='word_1_148' title='bbox 298 1838 533 1914; x_wconf 86' lang='lat' dir='ltr'><strong>inclandantur,</strong></span> <span class='ocrx_word' id='word_1_149' title='bbox 548 1847 603 1896; x_wconf 90' lang='lat' dir='ltr'><strong>ant</strong></span> <span class='ocrx_word' id='word_1_150' title='bbox 621 1836 654 1897; x_wconf 91' lang='lat' dir='ltr'><strong>in</strong></span> <span class='ocrx_word' id='word_1_151' title='bbox 678 1837 807 1898; x_wconf 90' lang='lat' dir='ltr'><strong>domum</strong></span> <span class='ocrx_word' id='word_1_152' title='bbox 834 1839 1061 1922; x_wconf 79' lang='lat' dir='ltr'><strong>negligentiam</strong></span> <span class='ocrx_word' id='word_1_153' title='bbox 1090 1838 1266 1916; x_wconf 86' lang='lat' dir='ltr'><strong>nocnerit,</strong></span> <span class='ocrx_word' id='word_1_154' title='bbox 1293 1845 1325 1898; x_wconf 91' lang='lat' dir='ltr'><strong>et</strong></span> 
     </span>
     <span class='ocr_line' id='line_1_19' title="bbox 221 1918 1324 2000; baseline -0.007 -14"><span class='ocrx_word' id='word_1_155' title='bbox 221 1925 397 1992; x_wconf 86' lang='lat' dir='ltr'><strong>minantur,</strong></span> <span class='ocrx_word' id='word_1_156' title='bbox 417 1929 448 1982; x_wconf 91' lang='lat' dir='ltr'><strong>et</strong></span> <span class='ocrx_word' id='word_1_157' title='bbox 461 1941 498 1982; x_wconf 85' lang='lat' dir='ltr'><strong>ea</strong></span> <span class='ocrx_word' id='word_1_158' title='bbox 515 1918 619 2000; x_wconf 87' lang='lat' dir='ltr'><strong>quivis</strong></span> <span class='ocrx_word' id='word_1_159' title='bbox 641 1918 805 2000; x_wconf 84' lang='lat' dir='ltr'><strong>expellere</strong></span> <span class='ocrx_word' id='word_1_160' title='bbox 831 1921 894 1982; x_wconf 90' lang='lat' dir='ltr'><strong>hoc</strong></span> <span class='ocrx_word' id='word_1_161' title='bbox 913 1921 1044 1982; x_wconf 90' lang='lat' dir='ltr'><strong>domino</strong></span> <span class='ocrx_word' id='word_1_162' title='bbox 1069 1922 1136 1982; x_wconf 90' lang='lat' dir='ltr'><strong>eius</strong></span> <span class='ocrx_word' id='word_1_163' title='bbox 1156 1923 1324 1982; x_wconf 87' lang='lat' dir='ltr'><strong>confessus</strong></span> 
     </span>
     <span class='ocr_line' id='line_1_20' title="bbox 222 2000 1325 2084; baseline -0.005 -17"><span class='ocrx_word' id='word_1_164' title='bbox 222 2015 277 2067; x_wconf 91' lang='lat' dir='ltr'><strong>ant</strong></span> <span class='ocrx_word' id='word_1_165' title='bbox 324 2011 474 2064; x_wconf 86' lang='lat' dir='ltr'><strong>excutere</strong></span> <span class='ocrx_word' id='word_1_166' title='bbox 530 2000 777 2083; x_wconf 80' lang='lat' dir='ltr'><strong>praesumpserit</strong></span> <span class='ocrx_word' id='word_1_167' title='bbox 796 2044 805 2077; x_wconf 91' lang='lat'>‚</span> <span class='ocrx_word' id='word_1_168' title='bbox 832 2004 943 2082; x_wconf 86' lang='lat' dir='ltr'><strong>fuerit,</strong></span> <span class='ocrx_word' id='word_1_169' title='bbox 956 2002 1090 2084; x_wconf 88' lang='lat' dir='ltr'><strong>capitale</strong></span> <span class='ocrx_word' id='word_1_170' title='bbox 1101 2004 1134 2063; x_wconf 90' lang='lat' dir='ltr'><strong>in</strong></span> <span class='ocrx_word' id='word_1_171' title='bbox 1148 2004 1259 2063; x_wconf 90' lang='lat' dir='ltr'><strong>locum</strong></span> <span class='ocrx_word' id='word_1_172' title='bbox 1275 2022 1325 2062; x_wconf 89' lang='lat' dir='ltr'><strong>re-</strong></span> 
     </span>
     <span class='ocr_line' id='line_1_21' title="bbox 222 2081 1323 2165; baseline -0.004 -17"><span class='ocrx_word' id='word_1_173' title='bbox 222 2093 330 2165; x_wconf 80' lang='lat' dir='ltr'><strong>(nsns.</strong></span> <span class='ocrx_word' id='word_1_174' title='bbox 347 2085 481 2162; x_wconf 78' lang='lat' dir='ltr'><strong>Schoto)</strong></span> <span class='ocrx_word' id='word_1_175' title='bbox 499 2084 565 2142; x_wconf 90' lang='lat' dir='ltr'><strong>DC.</strong></span> <span class='ocrx_word' id='word_1_176' title='bbox 585 2082 659 2143; x_wconf 91' lang='lat' dir='ltr'><strong>den.</strong></span> <span class='ocrx_word' id='word_1_177' title='bbox 677 2082 734 2158; x_wconf 88' lang='lat' dir='ltr'><strong>qui</strong></span> <span class='ocrx_word' id='word_1_178' title='bbox 755 2083 806 2141; x_wconf 85' lang='lat' dir='ltr'><strong>fa·</strong></span> <span class='ocrx_word' id='word_1_179' title='bbox 833 2085 960 2163; x_wconf 75' lang='lat' dir='ltr'><strong>stituat,</strong></span> <span class='ocrx_word' id='word_1_180' title='bbox 984 2095 1015 2145; x_wconf 89' lang='lat' dir='ltr'><strong>et</strong></span> <span class='ocrx_word' id='word_1_181' title='bbox 1040 2085 1122 2146; x_wconf 91' lang='lat' dir='ltr'><strong>illud</strong></span> <span class='ocrx_word' id='word_1_182' title='bbox 1146 2084 1258 2147; x_wconf 84' lang='lat' dir='ltr'><strong>debile</strong></span> <span class='ocrx_word' id='word_1_183' title='bbox 1283 2081 1323 2144; x_wconf 90' lang='lat' dir='ltr'><strong>ad</strong></span> 
     </span>
     <span class='ocr_line' id='line_1_22' title="bbox 222 2163 1062 2250; baseline -0.006 -19"><span class='ocrx_word' id='word_1_184' title='bbox 222 2171 313 2232; x_wconf 89' lang='lat' dir='ltr'><strong>ciunt</strong></span> <span class='ocrx_word' id='word_1_185' title='bbox 338 2166 396 2228; x_wconf 86' lang='lat' dir='ltr'><strong>sol.</strong></span> <span class='ocrx_word' id='word_1_186' title='bbox 420 2166 493 2230; x_wconf 88' lang='lat' dir='ltr'><strong>XV.</strong></span> <span class='ocrx_word' id='word_1_187' title='bbox 518 2165 603 2245; x_wconf 90' lang='lat' dir='ltr'><strong>culp.</strong></span> <span class='ocrx_word' id='word_1_188' title='bbox 634 2163 806 2242; x_wconf 87' lang='lat' dir='ltr'><strong>iudicetur,</strong></span> <span class='ocrx_word' id='word_1_189' title='bbox 833 2188 866 2232; x_wconf 81' lang='lat' dir='ltr'><strong>se</strong></span> <span class='ocrx_word' id='word_1_190' title='bbox 887 2168 1062 2250; x_wconf 84' lang='lat' dir='ltr'><strong>recolligat.</strong></span> 
     </span>
     <span class='ocr_line' id='line_1_23' title="bbox 222 2246 727 2332; baseline -0.02 -18"><span class='ocrx_word' id='word_1_191' title='bbox 222 2258 356 2332; x_wconf 80' lang='lat' dir='ltr'><strong>excepto</strong></span> <span class='ocrx_word' id='word_1_192' title='bbox 374 2246 508 2331; x_wconf 85' lang='lat' dir='ltr'><strong>capitale</strong></span> <span class='ocrx_word' id='word_1_193' title='bbox 527 2255 559 2306; x_wconf 92' lang='lat' dir='ltr'><strong>et</strong></span> <span class='ocrx_word' id='word_1_194' title='bbox 572 2246 727 2307; x_wconf 85' lang='lat' dir='ltr'><strong>delatura.</strong></span> 
     </span>
    </p>
   </div>
   <div class='ocr_carea' id='block_1_3' title="bbox 262 2307 1393 2414">
    <p class='ocr_par' dir='ltr' id='par_1_8' title="bbox 262 2307 1393 2414">
     <span class='ocr_line' id='line_1_24' title="bbox 262 2307 1393 2414; baseline -0.001 -24"><span class='ocrx_word' id='word_1_195' title='bbox 262 2332 337 2395; x_wconf 88' lang='lat' dir='ltr'><strong>VII.</strong></span> <span class='ocrx_word' id='word_1_196' title='bbox 379 2331 413 2389; x_wconf 91' lang='lat' dir='ltr'><strong>Si</strong></span> <span class='ocrx_word' id='word_1_197' title='bbox 432 2349 509 2390; x_wconf 85' lang='lat' dir='ltr'><strong>vero</strong></span> <span class='ocrx_word' id='word_1_198' title='bbox 526 2348 643 2408; x_wconf 82' lang='lat' dir='ltr'><strong>pecora</strong></span> <span class='ocrx_word' id='word_1_199' title='bbox 659 2327 698 2388; x_wconf 89' lang='lat' dir='ltr'><strong>de</strong></span> <span class='ocrx_word' id='word_1_200' title='bbox 715 2328 805 2388; x_wconf 88' lang='lat' dir='ltr'><strong>dam·</strong></span> <span class='ocrx_word' id='word_1_201' title='bbox 876 2329 951 2391; x_wconf 95' lang='lat' dir='ltr'><strong>VII.</strong></span> <span class='ocrx_word' id='word_1_202' title='bbox 995 2329 1121 2390; x_wconf 85' lang='lat' dir='ltr'><strong>Sivero</strong></span> <span class='ocrx_word' id='word_1_203' title='bbox 1144 2331 1322 2414; x_wconf 83' lang='lat' dir='ltr'><strong>negaverit,</strong></span> <span class='ocrx_word' id='word_1_204' title='bbox 1392 2307 1393 2322; x_wconf 67' lang='lat'><strong>.</strong></span> 
     </span>
    </p>
   </div>
   <div class='ocr_carea' id='block_1_4' title="bbox 212 2409 1324 3073">
    <p class='ocr_par' dir='ltr' id='par_1_9' title="bbox 221 2409 1323 2575">
     <span class='ocr_line' id='line_1_25' title="bbox 221 2409 1323 2488; baseline -0.005 -12"><span class='ocrx_word' id='word_1_205' title='bbox 221 2436 264 2476; x_wconf 90' lang='lat' dir='ltr'><strong>no</strong></span> <span class='ocrx_word' id='word_1_206' title='bbox 285 2413 428 2474; x_wconf 82' lang='lat' dir='ltr'><strong>inclausa</strong></span> <span class='ocrx_word' id='word_1_207' title='bbox 446 2409 588 2488; x_wconf 86' lang='lat' dir='ltr'><strong>fuerint,</strong></span> <span class='ocrx_word' id='word_1_208' title='bbox 613 2411 693 2483; x_wconf 88' lang='lat' dir='ltr'><strong>ille,</strong></span> <span class='ocrx_word' id='word_1_209' title='bbox 716 2409 805 2478; x_wconf 74' lang='lat' dir='ltr'><strong>cuius</strong></span> <span class='ocrx_word' id='word_1_210' title='bbox 835 2423 990 2476; x_wconf 84' lang='lat' dir='ltr'><strong>ettamen</strong></span> <span class='ocrx_word' id='word_1_211' title='bbox 1018 2434 1048 2474; x_wconf 79' lang='lat' dir='ltr'><strong>cc</strong></span> <span class='ocrx_word' id='word_1_212' title='bbox 1061 2413 1183 2473; x_wconf 67' lang='lat' dir='ltr'><strong>erictus</strong></span> <span class='ocrx_word' id='word_1_213' title='bbox 1210 2414 1323 2488; x_wconf 86' lang='lat' dir='ltr'><strong>fuerit,</strong></span> 
     </span>
     <span class='ocr_line' id='line_1_26' title="bbox 245 2491 1321 2575; baseline -0.006 -18"><span class='ocrx_word' id='word_1_214' title='bbox 245 2502 445 2564; x_wconf 86' lang='lat' dir='ltr'><strong>ecorasunt,</strong></span> <span class='ocrx_word' id='word_1_215' title='bbox 466 2491 664 2553; x_wconf 83' lang='lat' dir='ltr'><strong>aestimatum</strong></span> <span class='ocrx_word' id='word_1_216' title='bbox 682 2491 805 2568; x_wconf 88' lang='lat' dir='ltr'><strong>reddat,</strong></span> <span class='ocrx_word' id='word_1_217' title='bbox 833 2498 899 2560; x_wconf 87' lang='lat' dir='ltr'><strong>DC.</strong></span> <span class='ocrx_word' id='word_1_218' title='bbox 928 2495 1001 2558; x_wconf 88' lang='lat' dir='ltr'><strong>den.</strong></span> <span class='ocrx_word' id='word_1_219' title='bbox 1031 2495 1086 2575; x_wconf 90' lang='lat' dir='ltr'><strong>qni</strong></span> <span class='ocrx_word' id='word_1_220' title='bbox 1109 2495 1234 2554; x_wconf 85' lang='lat' dir='ltr'><strong>faciunt</strong></span> <span class='ocrx_word' id='word_1_221' title='bbox 1265 2495 1321 2556; x_wconf 91' lang='lat' dir='ltr'><strong>sol.</strong></span> 
     </span>
    </p>

    <p class='ocr_par' dir='ltr' id='par_1_10' title="bbox 220 2573 1324 2661">
     <span class='ocr_line' id='line_1_27' title="bbox 220 2573 1324 2661; baseline -0.005 -21"><span class='ocrx_word' id='word_1_222' title='bbox 220 2598 355 2661; x_wconf 86' lang='lat' dir='ltr'><strong>rnsupcr</strong></span> <span class='ocrx_word' id='word_1_223' title='bbox 373 2578 413 2640; x_wconf 87' lang='lat' dir='ltr'><strong>X.</strong></span> <span class='ocrx_word' id='word_1_224' title='bbox 432 2575 541 2634; x_wconf 87' lang='lat' dir='ltr'><strong>denar.</strong></span> <span class='ocrx_word' id='word_1_225' title='bbox 569 2573 738 2655; x_wconf 85' lang='lat' dir='ltr'><strong>culpabilis</strong></span> <span class='ocrx_word' id='word_1_226' title='bbox 760 2573 807 2632; x_wconf 91' lang='lat' dir='ltr'><strong>iu·</strong></span> <span class='ocrx_word' id='word_1_227' title='bbox 833 2579 904 2642; x_wconf 88' lang='lat' dir='ltr'><strong>XV.</strong></span> <span class='ocrx_word' id='word_1_228' title='bbox 926 2577 1010 2659; x_wconf 78' lang='lat' dir='ltr'><strong>culp,</strong></span> <span class='ocrx_word' id='word_1_229' title='bbox 1030 2577 1097 2638; x_wconf 87' lang='lat' dir='ltr'><strong>ind.</strong></span> <span class='ocrx_word' id='word_1_230' title='bbox 1119 2597 1186 2637; x_wconf 82' lang='lat' dir='ltr'><strong>exc.</strong></span> <span class='ocrx_word' id='word_1_231' title='bbox 1203 2587 1275 2660; x_wconf 81' lang='lat' dir='ltr'><strong>cap.</strong></span> <span class='ocrx_word' id='word_1_232' title='bbox 1293 2583 1324 2637; x_wconf 88' lang='lat' dir='ltr'><strong>et</strong></span> 
     </span>
    </p>

    <p class='ocr_par' dir='ltr' id='par_1_11' title="bbox 221 2654 1028 2740">
     <span class='ocr_line' id='line_1_28' title="bbox 221 2654 1028 2740; baseline -0.007 -20"><span class='ocrx_word' id='word_1_233' title='bbox 221 2662 365 2738; x_wconf 88' lang='lat' dir='ltr'><strong>dicetur,</strong></span> <span class='ocrx_word' id='word_1_234' title='bbox 385 2665 519 2739; x_wconf 78' lang='lat' dir='ltr'><strong>excepto</strong></span> <span class='ocrx_word' id='word_1_235' title='bbox 543 2656 676 2740; x_wconf 87' lang='lat' dir='ltr'><strong>capitale</strong></span> <span class='ocrx_word' id='word_1_236' title='bbox 704 2663 736 2716; x_wconf 91' lang='lat' dir='ltr'><strong>et</strong></span> <span class='ocrx_word' id='word_1_237' title='bbox 756 2654 809 2716; x_wconf 88' lang='lat' dir='ltr'><strong>de·</strong></span> <span class='ocrx_word' id='word_1_238' title='bbox 835 2661 981 2722; x_wconf 81' lang='lat' dir='ltr'><strong>ditatura,</strong></span> <span class='ocrx_word' id='word_1_239' title='bbox 1026 2686 1028 2692; x_wconf 95' lang='lat'>·</span> 
     </span>
    </p>

    <p class='ocr_par' dir='ltr' id='par_1_12' title="bbox 220 2739 1322 2905">
     <span class='ocr_line' id='line_1_29' title="bbox 220 2739 1322 2824; baseline -0.005 -20"><span class='ocrx_word' id='word_1_240' title='bbox 220 2744 333 2808; x_wconf 87' lang='lat' dir='ltr'><strong>latura.</strong></span> <span class='ocrx_word' id='word_1_241' title='bbox 875 2741 966 2804; x_wconf 84' lang='lat' dir='ltr'><strong>VIII.</strong></span> <span class='ocrx_word' id='word_1_242' title='bbox 1009 2739 1042 2798; x_wconf 90' lang='lat' dir='ltr'><strong>Si</strong></span> <span class='ocrx_word' id='word_1_243' title='bbox 1066 2739 1198 2800; x_wconf 89' lang='lat' dir='ltr'><strong>alicuius</strong></span> <span class='ocrx_word' id='word_1_244' title='bbox 1218 2739 1322 2824; x_wconf 91' lang='lat' dir='ltr'><strong>porci,</strong></span> 
     </span>
     <span class='ocr_line' id='line_1_30' title="bbox 262 2817 1322 2905; baseline 0 -23"><span class='ocrx_word' id='word_1_245' title='bbox 262 2823 357 2885; x_wconf 90' lang='lat' dir='ltr'><strong>VIII.</strong></span> <span class='ocrx_word' id='word_1_246' title='bbox 399 2821 432 2881; x_wconf 85' lang='lat' dir='ltr'><strong>si</strong></span> <span class='ocrx_word' id='word_1_247' title='bbox 448 2819 521 2901; x_wconf 92' lang='lat' dir='ltr'><strong>quis</strong></span> <span class='ocrx_word' id='word_1_248' title='bbox 537 2828 643 2880; x_wconf 87' lang='lat' dir='ltr'><strong>autem</strong></span> <span class='ocrx_word' id='word_1_249' title='bbox 667 2838 725 2900; x_wconf 88' lang='lat' dir='ltr'><strong>per</strong></span> <span class='ocrx_word' id='word_1_250' title='bbox 747 2817 808 2877; x_wconf 89' lang='lat' dir='ltr'><strong>ini·</strong></span> <span class='ocrx_word' id='word_1_251' title='bbox 835 2833 889 2884; x_wconf 87' lang='lat' dir='ltr'><strong>aut</strong></span> <span class='ocrx_word' id='word_1_252' title='bbox 906 2822 1068 2903; x_wconf 85' lang='lat' dir='ltr'><strong>quaelibet</strong></span> <span class='ocrx_word' id='word_1_253' title='bbox 1092 2842 1224 2904; x_wconf 80' lang='lat' dir='ltr'><strong>peoora,</strong></span> <span class='ocrx_word' id='word_1_254' title='bbox 1247 2845 1322 2905; x_wconf 88' lang='lat' dir='ltr'><strong>pas-</strong></span> 
     </span>
    </p>

    <p class='ocr_par' dir='ltr' id='par_1_13' title="bbox 212 2901 1323 2983">
     <span class='ocr_line' id='line_1_31' title="bbox 212 2901 1323 2983; baseline -0.006 -14"><span class='ocrx_word' id='word_1_255' title='bbox 212 2906 460 2982; x_wconf 64' lang='lat' dir='ltr'><strong>.micitiam,aut</strong></span> <span class='ocrx_word' id='word_1_256' title='bbox 476 2923 534 2983; x_wconf 90' lang='lat' dir='ltr'><strong>per</strong></span> <span class='ocrx_word' id='word_1_257' title='bbox 552 2901 732 2983; x_wconf 86' lang='lat' dir='ltr'><strong>superbiam</strong></span> <span class='ocrx_word' id='word_1_258' title='bbox 756 2920 808 2961; x_wconf 81' lang='lat' dir='ltr'><strong>se·</strong></span> <span class='ocrx_word' id='word_1_259' title='bbox 832 2916 903 2966; x_wconf 89' lang='lat' dir='ltr'><strong>tore</strong></span> <span class='ocrx_word' id='word_1_260' title='bbox 927 2903 1125 2964; x_wconf 87' lang='lat' dir='ltr'><strong>custodiente</strong></span> <span class='ocrx_word' id='word_1_261' title='bbox 1140 2903 1173 2963; x_wconf 94' lang='lat' dir='ltr'><strong>in</strong></span> <span class='ocrx_word' id='word_1_262' title='bbox 1186 2925 1323 2965; x_wconf 87' lang='lat' dir='ltr'><strong>messem</strong></span> 
     </span>
    </p>

    <p class='ocr_par' dir='ltr' id='par_1_14' title="bbox 220 2983 1321 3073">
     <span class='ocr_line' id='line_1_32' title="bbox 220 2983 1321 3073; baseline -0.004 -25"><span class='ocrx_word' id='word_1_263' title='bbox 220 3010 294 3073; x_wconf 90' lang='lat' dir='ltr'><strong>pem</strong></span> <span class='ocrx_word' id='word_1_264' title='bbox 318 2987 455 3046; x_wconf 87' lang='lat' dir='ltr'><strong>alienam</strong></span> <span class='ocrx_word' id='word_1_265' title='bbox 470 2983 604 3066; x_wconf 86' lang='lat' dir='ltr'><strong>ruperit,</strong></span> <span class='ocrx_word' id='word_1_266' title='bbox 624 2993 656 3043; x_wconf 90' lang='lat' dir='ltr'><strong>et</strong></span> <span class='ocrx_word' id='word_1_267' title='bbox 673 2984 704 3042; x_wconf 93' lang='lat' dir='ltr'><strong>in</strong></span> <span class='ocrx_word' id='word_1_268' title='bbox 723 3002 808 3043; x_wconf 84' lang='lat' dir='ltr'><strong>mes·</strong></span> <span class='ocrx_word' id='word_1_269' title='bbox 835 2988 973 3048; x_wconf 88' lang='lat' dir='ltr'><strong>alienam</strong></span> <span class='ocrx_word' id='word_1_270' title='bbox 985 2985 1196 3062; x_wconf 88' lang='lat' dir='ltr'><strong>cucurrerint,</strong></span> <span class='ocrx_word' id='word_1_271' title='bbox 1212 2995 1244 3045; x_wconf 88' lang='lat' dir='ltr'><strong>et</strong></span> <span class='ocrx_word' id='word_1_272' title='bbox 1265 2986 1321 3044; x_wconf 90' lang='lat' dir='ltr'><strong>ille</strong></span> 
     </span>
    </p>
   </div>
   <div class='ocr_carea' id='block_1_5' title="bbox 221 3065 1390 3231">
    <p class='ocr_par' dir='ltr' id='par_1_15' title="bbox 221 3065 1390 3231">
     <span class='ocr_line' id='line_1_33' title="bbox 221 3065 1390 3150; baseline -0.005 -18"><span class='ocrx_word' id='word_1_273' title='bbox 221 3092 299 3147; x_wconf 89' lang='lat' dir='ltr'><strong>sem,</strong></span> <span class='ocrx_word' id='word_1_274' title='bbox 314 3077 367 3128; x_wconf 90' lang='lat' dir='ltr'><strong>aut</strong></span> <span class='ocrx_word' id='word_1_275' title='bbox 382 3067 414 3124; x_wconf 92' lang='lat' dir='ltr'><strong>in</strong></span> <span class='ocrx_word' id='word_1_276' title='bbox 431 3075 567 3148; x_wconf 86' lang='lat' dir='ltr'><strong>pratum,</strong></span> <span class='ocrx_word' id='word_1_277' title='bbox 583 3065 634 3124; x_wconf 88' lang='lat' dir='ltr'><strong>vel</strong></span> <span class='ocrx_word' id='word_1_278' title='bbox 649 3065 808 3145; x_wconf 22' lang='lat' dir='ltr'><strong>inlquem·</strong></span> <span class='ocrx_word' id='word_1_279' title='bbox 834 3069 981 3150; x_wconf 82' lang='lat' dir='ltr'><strong>negando</strong></span> <span class='ocrx_word' id='word_1_280' title='bbox 1007 3068 1106 3129; x_wconf 88' lang='lat' dir='ltr'><strong>fuerit</strong></span> <span class='ocrx_word' id='word_1_281' title='bbox 1136 3068 1321 3142; x_wconf 86' lang='lat' dir='ltr'><strong>convictus,</strong></span> <span class='ocrx_word' id='word_1_282' title='bbox 1389 3123 1390 3126; x_wconf 74' lang='grc'>,</span> 
     </span>
     <span class='ocr_line' id='line_1_34' title="bbox 221 3144 1390 3231; baseline -0.015 -19"><span class='ocrx_word' id='word_1_283' title='bbox 221 3153 302 3212; x_wconf 90' lang='lat' dir='ltr'><strong>libet</strong></span> <span class='ocrx_word' id='word_1_284' title='bbox 325 3149 466 3211; x_wconf 85' lang='lat' dir='ltr'><strong>laborem</strong></span> <span class='ocrx_word' id='word_1_285' title='bbox 482 3167 595 3228; x_wconf 89' lang='lat' dir='ltr'><strong>pecora</strong></span> <span class='ocrx_word' id='word_1_286' title='bbox 616 3147 749 3222; x_wconf 90' lang='lat' dir='ltr'><strong>miserit,</strong></span> <span class='ocrx_word' id='word_1_287' title='bbox 765 3144 807 3202; x_wconf 93' lang='lat' dir='ltr'><strong>il·</strong></span> <span class='ocrx_word' id='word_1_288' title='bbox 834 3153 900 3212; x_wconf 85' lang='lat' dir='ltr'><strong>Dc,</strong></span> <span class='ocrx_word' id='word_1_289' title='bbox 930 3147 1002 3210; x_wconf 59' lang='grc' dir='ltr'><strong>ἄρῃ,</strong></span> <span class='ocrx_word' id='word_1_290' title='bbox 1032 3149 1088 3231; x_wconf 76' lang='lat' dir='ltr'><strong>qui</strong></span> <span class='ocrx_word' id='word_1_291' title='bbox 1116 3149 1239 3209; x_wconf 69' lang='lat' dir='ltr'><strong>faciunt</strong></span> <span class='ocrx_word' id='word_1_292' title='bbox 1264 3149 1321 3211; x_wconf 66' lang='lat'><strong>„01¹</strong></span> <span class='ocrx_word' id='word_1_293' title='bbox 1389 3173 1390 3194; x_wconf 55' lang='lat' dir='ltr'><strong>r</strong></span> 
     </span>
    </p>
   </div>
   <div class='ocr_carea' id='block_1_6' title="bbox 222 3229 1323 4138">
    <p class='ocr_par' dir='ltr' id='par_1_16' title="bbox 222 3229 1322 3391">
     <span class='ocr_line' id='line_1_35' title="bbox 222 3229 1322 3315; baseline -0.015 -20"><span class='ocrx_word' id='word_1_294' title='bbox 222 3229 550 3310; x_wconf 70' lang='lat' dir='ltr'><strong>le,ctliuseslleb01¹,</strong></span> <span class='ocrx_word' id='word_1_295' title='bbox 576 3229 709 3288; x_wconf 83' lang='lat' dir='ltr'><strong>testibus</strong></span> <span class='ocrx_word' id='word_1_296' title='bbox 735 3248 808 3286; x_wconf 82' lang='lat' dir='ltr'><strong>eum</strong></span> <span class='ocrx_word' id='word_1_297' title='bbox 836 3234 905 3294; x_wconf 79' lang='lat' dir='ltr'><strong>XV,</strong></span> <span class='ocrx_word' id='word_1_298' title='bbox 926 3233 1011 3315; x_wconf 82' lang='lat' dir='ltr'><strong>cqu.</strong></span> <span class='ocrx_word' id='word_1_299' title='bbox 1029 3231 1095 3292; x_wconf 79' lang='lat' dir='ltr'><strong>iud,</strong></span> <span class='ocrx_word' id='word_1_300' title='bbox 1115 3252 1183 3296; x_wconf 54' lang='lat' dir='ltr'><strong>exc,</strong></span> <span class='ocrx_word' id='word_1_301' title='bbox 1202 3253 1273 3313; x_wconf 68' lang='lat' dir='ltr'><strong>cap,</strong></span> <span class='ocrx_word' id='word_1_302' title='bbox 1291 3238 1322 3291; x_wconf 81' lang='lat' dir='ltr'><strong>et</strong></span> 
     </span>
     <span class='ocr_line' id='line_1_36' title="bbox 223 3310 981 3391; baseline -0.016 -15"><span class='ocrx_word' id='word_1_303' title='bbox 223 3316 404 3387; x_wconf 83' lang='lat' dir='ltr'><strong>convincat,</strong></span> <span class='ocrx_word' id='word_1_304' title='bbox 423 3311 452 3370; x_wconf 87' lang='lat' dir='ltr'><strong>ei</strong></span> <span class='ocrx_word' id='word_1_305' title='bbox 471 3319 637 3391; x_wconf 89' lang='lat' dir='ltr'><strong>reputetur</strong></span> <span class='ocrx_word' id='word_1_306' title='bbox 646 3310 807 3384; x_wconf 88' lang='lat' dir='ltr'><strong>damnum,</strong></span> <span class='ocrx_word' id='word_1_307' title='bbox 836 3315 981 3375; x_wconf 72' lang='lat' dir='ltr'><strong>ditatura,</strong></span> 
     </span>
    </p>

    <p class='ocr_par' dir='ltr' id='par_1_17' title="bbox 222 3390 809 3468">
     <span class='ocr_line' id='line_1_37' title="bbox 222 3390 809 3468; baseline -0.015 -11"><span class='ocrx_word' id='word_1_308' title='bbox 222 3406 255 3457; x_wconf 92' lang='lat' dir='ltr'><strong>et</strong></span> <span class='ocrx_word' id='word_1_309' title='bbox 268 3397 465 3456; x_wconf 86' lang='lat' dir='ltr'><strong>aestimatum</strong></span> <span class='ocrx_word' id='word_1_310' title='bbox 473 3391 595 3468; x_wconf 90' lang='lat' dir='ltr'><strong>reddet,</strong></span> <span class='ocrx_word' id='word_1_311' title='bbox 610 3394 716 3465; x_wconf 79' lang='lat' dir='ltr'><strong>(narn.</strong></span> <span class='ocrx_word' id='word_1_312' title='bbox 731 3390 809 3449; x_wconf 86' lang='lat' dir='ltr'><strong>Leo-</strong></span> 
     </span>
    </p>

    <p class='ocr_par' dir='ltr' id='par_1_18' title="bbox 223 3471 808 3554">
     <span class='ocr_line' id='line_1_38' title="bbox 223 3471 808 3554; baseline -0.01 -17"><span class='ocrx_word' id='word_1_313' title='bbox 223 3478 335 3554; x_wconf 82' lang='lat' dir='ltr'><strong>dardi)</strong></span> <span class='ocrx_word' id='word_1_314' title='bbox 360 3479 402 3538; x_wconf 88' lang='lat' dir='ltr'><strong>M.</strong></span> <span class='ocrx_word' id='word_1_315' title='bbox 420 3473 486 3534; x_wconf 83' lang='lat' dir='ltr'><strong>CC.</strong></span> <span class='ocrx_word' id='word_1_316' title='bbox 508 3474 580 3537; x_wconf 91' lang='lat' dir='ltr'><strong>den.</strong></span> <span class='ocrx_word' id='word_1_317' title='bbox 606 3473 662 3553; x_wconf 93' lang='lat' dir='ltr'><strong>qui</strong></span> <span class='ocrx_word' id='word_1_318' title='bbox 685 3471 808 3532; x_wconf 89' lang='lat' dir='ltr'><strong>faciunt</strong></span> 
     </span>
    </p>

    <p class='ocr_par' dir='ltr' id='par_1_19' title="bbox 222 3553 807 3638">
     <span class='ocr_line' id='line_1_39' title="bbox 222 3553 807 3638; baseline -0.012 -17"><span class='ocrx_word' id='word_1_319' title='bbox 222 3561 280 3622; x_wconf 86' lang='lat' dir='ltr'><strong>sol.</strong></span> <span class='ocrx_word' id='word_1_320' title='bbox 302 3559 404 3619; x_wconf 63' lang='lat' dir='ltr'><strong>XXX.</strong></span> <span class='ocrx_word' id='word_1_321' title='bbox 432 3556 517 3638; x_wconf 90' lang='lat' dir='ltr'><strong>culp.</strong></span> <span class='ocrx_word' id='word_1_322' title='bbox 541 3553 718 3633; x_wconf 90' lang='lat' dir='ltr'><strong>indicetur,</strong></span> <span class='ocrx_word' id='word_1_323' title='bbox 739 3574 807 3615; x_wconf 81' lang='lat' dir='ltr'><strong>exc.</strong></span> 
     </span>
    </p>

    <p class='ocr_par' dir='ltr' id='par_1_20' title="bbox 223 3639 421 3725">
     <span class='ocr_line' id='line_1_40' title="bbox 223 3639 421 3725; baseline -0.005 -22"><span class='ocrx_word' id='word_1_324' title='bbox 223 3649 339 3725; x_wconf 80' lang='lat' dir='ltr'><strong>capet</strong></span> <span class='ocrx_word' id='word_1_325' title='bbox 359 3639 421 3702; x_wconf 89' lang='lat' dir='ltr'><strong>del.</strong></span> 
     </span>
    </p>

    <p class='ocr_par' dir='ltr' id='par_1_21' title="bbox 759 3724 1323 4054">
     <span class='ocr_line' id='line_1_41' title="bbox 759 3724 1323 3808; baseline -0.005 -19"><span class='ocrx_word' id='word_1_326' title='bbox 759 3751 761 3756; x_wconf 92' lang='lat'>·</span> <span class='ocrx_word' id='word_1_327' title='bbox 876 3724 937 3788; x_wconf 87' lang='lat' dir='ltr'><strong>IX.</strong></span> <span class='ocrx_word' id='word_1_328' title='bbox 979 3725 1087 3808; x_wconf 87' lang='lat' dir='ltr'><strong>Siqua</strong></span> <span class='ocrx_word' id='word_1_329' title='bbox 1101 3743 1323 3808; x_wconf 85' lang='lat' dir='ltr'><strong>pecoraprop·</strong></span> 
     </span>
     <span class='ocr_line' id='line_1_42' title="bbox 837 3807 1320 3870; baseline 0.004 -2"><span class='ocrx_word' id='word_1_330' title='bbox 837 3819 886 3870; x_wconf 91' lang='lat' dir='ltr'><strong>ter</strong></span> <span class='ocrx_word' id='word_1_331' title='bbox 900 3810 1050 3870; x_wconf 89' lang='lat' dir='ltr'><strong>damnum</strong></span> <span class='ocrx_word' id='word_1_332' title='bbox 1071 3809 1180 3868; x_wconf 90' lang='lat' dir='ltr'><strong>messis</strong></span> <span class='ocrx_word' id='word_1_333' title='bbox 1197 3807 1320 3870; x_wconf 82' lang='lat' dir='ltr'><strong>alienae</strong></span> 
     </span>
     <span class='ocr_line' id='line_1_43' title="bbox 836 3889 1321 3967; baseline -0.006 -17"><span class='ocrx_word' id='word_1_334' title='bbox 836 3891 981 3952; x_wconf 84' lang='lat' dir='ltr'><strong>inclausa</strong></span> <span class='ocrx_word' id='word_1_335' title='bbox 992 3890 1125 3967; x_wconf 85' lang='lat' dir='ltr'><strong>fuerint,</strong></span> <span class='ocrx_word' id='word_1_336' title='bbox 1137 3897 1191 3950; x_wconf 88' lang='lat' dir='ltr'><strong>aut</strong></span> <span class='ocrx_word' id='word_1_337' title='bbox 1199 3889 1321 3949; x_wconf 91' lang='lat' dir='ltr'><strong>minen·</strong></span> 
     </span>
     <span class='ocr_line' id='line_1_44' title="bbox 835 3971 1321 4054; baseline -0.006 -22"><span class='ocrx_word' id='word_1_338' title='bbox 835 3983 899 4049; x_wconf 90' lang='lat' dir='ltr'><strong>tnr,</strong></span> <span class='ocrx_word' id='word_1_339' title='bbox 917 3973 975 4054; x_wconf 90' lang='lat' dir='ltr'><strong>qui</strong></span> <span class='ocrx_word' id='word_1_340' title='bbox 989 3994 1026 4033; x_wconf 89' lang='lat' dir='ltr'><strong>ea</strong></span> <span class='ocrx_word' id='word_1_341' title='bbox 1037 3982 1187 4033; x_wconf 83' lang='lat' dir='ltr'><strong>excutere</strong></span> <span class='ocrx_word' id='word_1_342' title='bbox 1200 3971 1254 4032; x_wconf 85' lang='lat' dir='ltr'><strong>vel</strong></span> <span class='ocrx_word' id='word_1_343' title='bbox 1269 3992 1321 4030; x_wconf 80' lang='lat' dir='ltr'><strong>ex·</strong></span> 
     </span>
    </p>

    <p class='ocr_par' dir='ltr' id='par_1_22' title="bbox 786 4053 1320 4138">
     <span class='ocr_line' id='line_1_45' title="bbox 786 4053 1320 4138; baseline -0.019 -19"><span class='ocrx_word' id='word_1_344' title='bbox 786 4125 790 4134; x_wconf 55' lang='grc'><strong>,</strong></span> <span class='ocrx_word' id='word_1_345' title='bbox 834 4056 957 4137; x_wconf 90' lang='lat' dir='ltr'><strong>pellere</strong></span> <span class='ocrx_word' id='word_1_346' title='bbox 977 4053 1235 4138; x_wconf 87' lang='lat' dir='ltr'><strong>praesumpserit,</strong></span> <span class='ocrx_word' id='word_1_347' title='bbox 1255 4053 1320 4114; x_wconf 89' lang='lat' dir='ltr'><strong>DC.</strong></span> 
     </span>
    </p>
   </div>
   <div class='ocr_carea' id='block_1_7' title="bbox 223 4217 626 4233">
    <p class='ocr_par' dir='ltr' id='par_1_23' title="bbox 223 4217 626 4233">
     <span class='ocr_line' id='line_1_46' title="bbox 223 4217 626 4233; baseline -0.007 -1"><span class='ocrx_word' id='word_1_348' title='bbox 223 4217 626 4233; x_wconf 61' lang='lat' dir='ltr'><em>W</em></span> 
     </span>
    </p>
   </div>
   <div class='ocr_carea' id='block_1_8' title="bbox 291 4284 1041 4362">
    <p class='ocr_par' dir='ltr' id='par_1_24' title="bbox 291 4284 1041 4362">
     <span class='ocr_line' id='line_1_47' title="bbox 291 4284 1041 4362; baseline -0.004 -18"><span class='ocrx_word' id='word_1_349' title='bbox 291 4301 323 4356; x_wconf 86' lang='lat' dir='ltr'><strong>t)</strong></span> <span class='ocrx_word' id='word_1_350' title='bbox 342 4297 375 4346; x_wconf 85' lang='lat' dir='ltr'><strong>In</strong></span> <span class='ocrx_word' id='word_1_351' title='bbox 393 4310 448 4345; x_wconf 90' lang='lat' dir='ltr'><strong>uno</strong></span> <span class='ocrx_word' id='word_1_352' title='bbox 468 4293 534 4345; x_wconf 90' lang='lat' dir='ltr'><strong>Cod.</strong></span> <span class='ocrx_word' id='word_1_353' title='bbox 554 4289 673 4362; x_wconf 87' lang='lat' dir='ltr'><strong>Guelph.</strong></span> <span class='ocrx_word' id='word_1_354' title='bbox 693 4289 743 4342; x_wconf 82' lang='lat' dir='ltr'><strong>ista</strong></span> <span class='ocrx_word' id='word_1_355' title='bbox 762 4288 807 4342; x_wconf 77' lang='lat' dir='ltr'><strong>lex</strong></span> <span class='ocrx_word' id='word_1_356' title='bbox 826 4285 934 4340; x_wconf 88' lang='lat' dir='ltr'><strong>omnino</strong></span> <span class='ocrx_word' id='word_1_357' title='bbox 953 4284 1041 4342; x_wconf 84' lang='lat' dir='ltr'><strong>deest.</strong></span> 
     </span>
    </p>
   </div>
   <div class='ocr_carea' id='block_1_9' title="bbox 0 0 1418 4998">
    <p class='ocr_par' dir='ltr' id='par_1_25' title="bbox 0 0 1418 4998">
     <span class='ocr_line' id='line_1_48' title="bbox 0 0 1418 4998; baseline 0 0"><span class='ocrx_word' id='word_1_358' title='bbox 0 0 1418 4998; x_wconf 95' lang='lat' dir='ltr'><strong> </strong></span> 
     </span>
    </p>
   </div>
  </div>
 </body>
</html>
