2900 5020
193 259 270 338 398
493 273 897 332 anrcruurnuonuaim
916 277 1020 336 nanis

192 420 256 486 Gni
287 416 378 482 casui
402 411 624 502 quinquennii
647 413 843 479 beneficium
869 421 999 483 novella
1026 422 1099 507 lege
1127 424 1300 508 probamus

192 505 368 650 adieqqquq..
410 579 476 660 Qui
497 580 632 642 alterum
650 577 797 664 quolibet
812 580 947 644 crimine
969 586 1130 667 putaverit
1153 609 1303 650 neeman.

192 670 286 750 dum,
308 689 374 736 non
391 666 480 748 prius
500 663 667 740 audiatur,
691 685 751 725 nec
769 663 809 724 dc
830 663 1031 728 exhibitione
1048 669 1173 752 aliquid
1194 671 1301 734 iuben·

192 762 267 830 tur,
301 749 365 812 nisi
394 768 427 810 sc
454 746 644 830 praemissae
667 745 886 827 inscriptionis
914 749 1054 814 vinculis
1072 753 1240 836 obligarit,
1268 766 1302 817 et
1414 817 1417 824 ,

193 834 280 900 istud
300 830 424 894 caverit
443 828 529 912 apud
551 835 788 911 competentem
808 828 968 910 iudicem,
1001 853 1034 894 se
1064 855 1134 895 eam
1162 857 1301 918 poenam

194 918 398 984 subiturum,
421 912 448 974 si
472 933 538 972 non
557 907 762 994 probaverit,
792 911 880 994 quod
905 912 1062 994 intendit,
1084 939 1182 1000 quam
1201 922 1302 1002 possit

192 1009 267 1064 reus
283 996 455 1060 convictus
476 991 656 1055 secundum
671 992 758 1076 leges
777 993 947 1075 excipere:
974 1007 1007 1058 et
1023 1015 1124 1080 usque
1142 1000 1183 1061 ed
1196 1011 1301 1064 even·

193 1091 264 1145 tum
285 1077 417 1156 iudicii,
449 1083 515 1137 tam
536 1097 628 1152 reus,
656 1095 756 1156 quom
780 1085 963 1156 accusator,
985 1081 1113 1162 aequali
1137 1083 1300 1146 custodiae

182 1171 280 1228 ‘sorte
299 1169 482 1226 teneantur.
522 1157 591 1219 Nisi
605 1159 687 1218 forte
698 1165 762 1218 aot
784 1157 910 1219 minora
923 1160 987 1222 sint
1000 1163 1155 1242 crimine,
1176 1164 1209 1224 in
1224 1166 1301 1246 qui-

192 1248 253 1310 bos
268 1243 436 1308 lideinssor
447 1240 594 1338 praeberi
610 1239 741 1316 delicat,
764 1249 904 1301 antreus
921 1243 1001 1304 adeo
1018 1246 1137 1308 nobilis
1149 1255 1183 1310 et
1195 1251 1303 1332 splen·

194 1328 264 1394 didi
283 1324 416 1390 honoris
430 1332 489 1401 stt,
511 1332 547 1384 ut
563 1343 638 1384 auae
661 1321 816 1384 committi
834 1321 950 1386 debeat
965 1325 1125 1409 dignitati.

277 1406 371 1475 XIV.
422 1407 490 1468 Sub
517 1405 650 1468 ulterius
674 1405 805 1465 nomine
830 1405 940 1468 nullus
960 1419 1107 1473 accuset:
1139 1411 1215 1494 qnia
1239 1411 1303 1474 im-

193 1493 332 1580 probum
350 1489 549 1566 iudicamus,
582 1495 618 1549 ut
637 1487 709 1569 quis
728 1487 854 1547 alienae
875 1489 1022 1553 utilitatis
1042 1493 1096 1555 rel
1117 1495 1301 1576 voluntatis,

153 1607 158 1618 a
193 1575 286 1662 quasi
309 1573 369 1637 sub
389 1571 496 1654 speeie
518 1568 748 1649 accusationis,
770 1579 926 1632 executor
945 1573 1070 1642 existat.

277 1657 360 1721 XV.'
389 1654 455 1733 Qui
485 1673 706 1736 percussorem
733 1652 775 1714 ad
800 1671 834 1714 se
855 1653 1042 1718 venientem
1063 1658 1150 1720 ferro
1170 1659 1304 1742 repule-
1390 1673 1392 1678 '
1439 1679 1440 1682 ¹

194 1741 259 1820 rit,
292 1761 358 1802 non
378 1738 516 1800 liabetur
532 1733 708 1797 homicidas
744 1733 821 1818 qnia
841 1733 993 1799 defensor
1018 1740 1167 1825 propriae
1190 1742 1302 1806 salutis

195 1825 327 1890 ridetur
348 1821 382 1882 in
404 1819 497 1880 nullo
541 1837 677 1883 eccassc.

278 1904 372 1968 XVI.
414 1900 479 1979 Qui
497 1837 539 1961 sd
552 1897 785 1983 possessionem
801 1898 941 1963 alienam
955 1899 1118 1966 uiolentus
1135 1902 1304 1986 advenerit

194 2011 270 2054 oum
283 1983 491 2048 multitudine
508 1989 721 2066 congregata,
749 1979 775 2041 si
795 1991 851 2043 aut
866 1983 952 2080 ipsc,
975 1993 1032 2046 aut
1055 1986 1172 2068 aliquis
1185 2001 1235 2048 ‘ex
1250 2010 1304 2050 ρο.

195 2073 270 2136 dem
293 2087 443 2143 numero,
463 2087 557 2144 casu,
579 2066 656 2126 dnm
674 2063 1033 2146 repelliturvsolentia,
1055 2071 1177 2130 occisus
1192 2070 1301 2150 fuerit,

194 2154 299 2298 {isqui
318 2171 376 2236 per
399 2146 619 2211 necessitatem
637 2148 699 2210 hoc
722 2145 819 2228 fecit,
847 2158 972 2210 ametn
998 2171 1121 2233 poenae
1144 2151 1228 2214 liber
1246 2153 1301 2214 ha.

220 2244 319 2300 catur.

278 2315 382 2382 XVII.
423 2315 596 2396 Raptorem
619 2307 780 2393 ingenuas
805 2308 950 2371 mulieris
969 2319 1026 2373 aut
1043 2311 1197 2410 uirginis,
1215 2339 1302 2379 cum

194 2398 261 2463 suis
287 2397 498 2480 complicibus
524 2392 578 2457 rel
607 2393 779 2469 ministris,
810 2393 905 2454 rebus
935 2393 1074 2474 probatis
1096 2409 1184 2458 iuxta
1212 2401 1301 2482 leges

195 2482 343 2545 iubemus
366 2477 529 2562 extinguis
564 2483 597 2538 et
623 2475 652 2538 si
677 2475 877 2538 consenserit
896 2484 985 2557 rupta
1005 2479 1145 2560 raptori,
1177 2483 1303 2564 pariter

194 2565 372 2630 occidetur.

277 2646 395 2712 XVIII.
435 2641 471 2704 si
491 2647 640 2726 parentes
661 2647 786 2723 raptae,
807 2645 863 2698 aut
883 2645 1011 2699 curator
1029 2639 1119 2718 eius,
1140 2661 1222 2724 qnae
1239 2645 1299 2704 mi·

196 2753 277 2795 nore
297 2737 399 2790 aetate
417 2734 507 2822 rapta
524 2733 588 2801 est,
609 2723 728 2805 exequi
749 2730 782 2782 et
800 2720 963 2782 vindicare
982 2722 1056 2784 talis
1076 2722 1149 2786 lacti
1171 2725 1302 2808 culpam

194 2815 280 2876 forte
302 2811 501 2892 neglexerit,
532 2815 660 2889 pactam
680 2803 768 2887 qnod
788 2802 944 2866 nonlicet
966 2803 1084 2870 dehoc
1105 2805 1240 2869 crimine
1256 2808 1303 2868 fa.

196 2896 333 2969 ciendo,
357 2912 493 2974 poenam
510 2889 673 2972 patiantur
692 2884 793 2950 exilii,

278 2977 362 3041 XIX.
401 2975 521 3046 Servus
540 2991 618 3034 vero
645 2967 860 3051 si'querelam
884 2966 925 3028 de
947 2977 1049 3052 raptu·
1066 2970 1261 3034 dissimulari
1283 2995 1303 3034 a

195 3059 356 3133 dominis,
386 3066 419 3118 et
439 3055 586 3138 pactione
608 3057 733 3130 ‘crimen
756 3049 894 3111 senserit
918 3049 1067 3133 deliniri,
1094 3067 1189 3138 atque
1213 3055 1301 3118 iudi.

195 3145 255 3208 ciis
274 3139 475 3226 prodiderit,
499 3138 645 3198 libertate
661 3135 808 3196 donetur.

279 3226 346 3287 XX.
388 3223 525 3303 Raptum
546 3220 629 3280 intra
649 3213 913 3300 quinquennium
928 3213 1026 3276 liceat
1044 3216 1193 3284 omnibus
1212 3242 1298 3282 acon.

195 3328 284 3384 sare,
310 3315 383 3402 post
401 3300 662 3385 quinquennium
682 3319 760 3361 rero
780 3296 890 3358 nullus
912 3298 952 3358 de
967 3296 1030 3359 hoc
1052 3298 1187 3364 crimine
1207 3304 1300 3364 facist

196 3398 439 3474 quaestionem,
461 3383 584 3447 etiamsi
604 3382 688 3444 intra
707 3380 958 3464 suprascriptum
972 3389 1098 3462 tempus
1118 3384 1218 3466 egisse
1241 3384 1302 3444 ali-

197 3471 333 3558 quidde
352 3469 476 3552 legibus
493 3468 661 3528 doceatur:
691 3463 827 3523 maxime
845 3483 919 3522 cum
933 3471 966 3523 et
985 3462 1044 3522 filii
1064 3462 1104 3523 de
1121 3465 1183 3528 lsoc
1196 3465 1303 3526 matri-

197 3555 306 3618 monio
325 3551 481 3627 suscepti,
504 3555 617 3610 exacto
629 3545 856 3632 quinquennio
876 3544 1095 3629 legitimorum
1120 3561 1151 3610 et
1174 3549 1245 3610 inre
1269 3555 1303 3610 et
1330 3619 1332 3623 Ι
1439 3541 1440 3562 ’

197 3637 368 3726 priuilegio
388 3633 585 3696 muniantur.
606 3699 611 3706 Α

280 3719 367 3784 XXI.
409 3713 534 3795 Siquis
556 3711 706 3774 ancillam
726 3709 864 3771 alienam
882 3716 938 3768 aut
959 3705 1163 3790 origInarlam
1176 3709 1302 3770 violen-

198 3817 249 3869 ter
269 3824 344 3864 cum
364 3796 573 3858 multitudine
594 3803 787 3874 congregata
816 3790 977 3872 rapuerIt,
1007 3789 1033 3851 si
1054 3791 1215 3874 ingennus
1240 3801 1301 3868 est,

199 3885 337 3971 raptoris
360 3901 463 3965 poena
483 3879 634 3953 feriatur,
656 3876 734 3957 quia
755 3874 927 3936 uiolentiae
944 3871 1064 3935 culmen
1092 3874 1243 3935 admittit:
1274 3874 1301 3934 si

198 3991 312 4036 servus
341 3973 464 4027 estant
487 3962 638 4036 colonus,
673 3966 706 4018 et
727 3980 784 4020 sua
803 3958 865 4018 hoc
883 3965 1008 4018 tantum
1027 3957 1194 4022 voluntate
1219 3979 1304 4018 com.

199 4053 304 4125 misit,
326 4047 425 4114 simili
441 4046 564 4106 ratione
579 4039 742 4126 puniatur.

283 4133 389 4195 XXII.
432 4130 464 4190 Si
489 4149 566 4187 vcro
594 4123 723 4186 conscio
747 4123 966 4200 conductore,
994 4131 1050 4180 ant
1069 4121 1216 4200 iubente,
1248 4133 1305 4184 aut

202 4218 418 4291 connivente,
454 4212 508 4274 rel
537 4229 603 4270 non
628 4207 819 4291 prohibente
844 4205 906 4266 hoc
932 4205 1064 4282 fecerit,
1099 4203 1195 4265 etiam
1223 4227 1304 4266 con.
