2900 5020
190 257 267 338 ³84
504 279 622 337 ‘cums
641 271 818 336 saxorum
838 277 911 335 r1r.
931 281 969 337 ιι.

273 417 367 487 XIII.
407 419 565 484 Similiter
585 421 626 484 de
648 442 743 502 uaso,
764 422 793 486 si
817 420 973 486 abscissus
996 419 1115 501 luerit,
1142 421 1312 487 DCCXX.

195 503 256 572 ml.
276 513 456 588 componat.
523 577 525 585 .

274 585 376 650 x1v„
406 585 563 648 Similiter
583 585 623 648 de
643 586 809 664 manibus,
832 583 871 647 dc
892 585 1039 671 pedibus.

272 667 346 732 XV.
387 669 582 748 Testiculns‚
603 670 629 731 si
648 693 733 732 unus
759 668 914 732 abscissus
935 672 1045 751 luerit,
1064 667 1307 750 Dccxxmot,

192 749 220 817 ni
241 754 333 816 umbo
355 753 569 818 MCCCCXL.
591 754 649 815 sol.
674 761 852 838 componat.

273 823 368 902 XVI.
410 835 444 896 si
474 833 634 914 auricula,
662 839 716 899 vel
738 836 870 914 oculus,
892 836 943 898 uel
970 857 1086 916 nasus,
1115 837 1306 915 (velmauus
1423 834 1426 848 ’

191 919 238 998 tt,
260 920 313 982 vel
335 939 404 1002 pes,
425 917 467 979 ita
490 939 638 999 percussa
659 941 770 983 manca
798 920 871 982 loco
893 920 1125 1002 remanserint,
1159 922 1213 980 rel
1243 945 1306 1006 pe-

191 1001 387 1086 penderint,
415 1002 619 1064 medietatem
648 1002 847 1086 supradictae
878 1007 1119 1088 compositionis
1147 1005 1310 1070 exsolvatt

192 1085 227 1148 Si
246 1105 377 1146 movere
394 1083 499 1168 ipsum
512 1083 690 1146 membrum
705 1086 813 1170 possit,
829 1095 974 1166 quartam
987 1099 1108 1171 partem
1119 1096 1305 1170 componat.

275 1167 385 1231 XVII.
426 1168 541 1230 Pollex
557 1175 643 1228 totus
661 1169 830 1243 abscissus,
857 1169 1008 1234 CCCLX.
1030 1175 1059 1247 l)
1080 1172 1191 1234 solidis
1211 1192 1305 1232 com-

191 1258 342 1338 ponatur.
384 1248 418 1310 Si
448 1249 598 1310 dimidius
622 1251 772 1330 CLXXX.
795 1257 846 1323 m)
866 1251 977 1316 solidis
1003 1264 1223 1338 componatur.
1264 1251 1304 1312 Si

191 1331 346 1416 minimus
362 1341 448 1394 totus
466 1331 587 1394 CCLX.
609 1333 720 1396 solidis
738 1344 785 1408 n).
828 1331 861 1391 Si
884 1356 986 1398 unum
1013 1337 1107 1422 digiti
1123 1335 1306 1398 membrum

191 1415 332 1483 LXXX.
374 1415 408 1476 si
426 1416 491 1476 duo
508 1414 648 1476 membra
670 1419 758 1478 CLX.
779 1423 826 1496 o).
871 1418 907 1479 Si
925 1428 1039 1499 totum,
1063 1429 1100 1482 nt
1119 1441 1224 1503 supra.

274 1497 402 1563 XVIII.
430 1497 478 1557 ·Si
498 1497 609 1577 iudex,
629 1501 783 1561 CLXXX.
806 1509 839 1562 et
854 1521 912 1584 per
929 1503 1057 1587 singula
1077 1503 1219 1565 membra
1238 1510 1303 1564 ter.-

197 1581 245 1645 tie
267 1603 342 1667 pars
364 1580 462 1642 totius
483 1581 621 1643 mulctae
646 1592 866 1664 componatur.
948 1639 951 1644 ι

277 1665 363 1728 XIX.
405 1662 533 1725 Medius
562 1671 594 1726 et
619 1664 765 1726 Medicus
789 1676 928 1748 uterque
958 1666 1048 1728 CXX.
1074 1666 1186 1730 solidis
1213 1690 1305 1732 comv-

193 1755 354 1833 ponatur,
376 1753 408 1809 et
436 1767 495 1828 per
515 1746 656 1808 membra
678 1767 800 1825 eorum,
824 1758 861 1809 nt
882 1750 922 1810 de
946 1749 1079 1812 cacteris
1102 1752 1224 1812 dietum
1246 1762 1305 1815 est.

278 1829 352 1894 XX.
394 1827 511 1894 Pollex
536 1828 647 1912 pedis,
674 1830 846 1892 medietate
878 1830 1007 1914 pollicis
1031 1855 1144 1896 manns
1171 1855 1305 1918 compo-

194 1922 301 1980 natur.
343 1911 424 1974 Tres
445 1911 573 1972 articuli
596 1913 707 1990 medii,
729 1914 899 1976 medietate
923 1917 1162 1999 compositionis
1184 1918 1306 1980 Medici

194 2004 228 2058 ct
251 1994 351 2058 medii
376 1994 550 2078 digitorum
573 2005 816 2078 componantur.
858 1997 1013 2059 Minimus
1035 2000 1212 2077 articulus,
1234 2023 1305 2063 me·

195 2076 315 2142 dietate
338 2076 435 2141 unius
456 2078 496 2140 de
519 2077 623 2141 tribus
647 2078 792 2142 articulis
812 2091 1032 2166 componetur.

449 2223 541 2301 Ttr.
568 2224 617 2304 II.
662 2223 726 2322 ,De
758 2225 962 2304 homicidiis
981 2231 1047 2330 p).

276 2357 302 2424 Ι.
344 2359 411 2441 Qui
436 2361 579 2423 nobilem
607 2360 763 2424 occiderit
783 2363 993 2428 MCCCCXL.
1023 2362 1142 2425 solidos
1169 2383 1302 2461 compc-

66 2435 68 2447 ’
194 2453 260 2509 nat.
301 2444 413 2506 Ruoda
432 2445 606 2528 dicituro)
630 2444 715 2527 apud
745 2446 908 2524 Saxones,
934 2445 1037 2514 CXX.
1063 2446 1184 2525 solidi,
1205 2457 1237 2507 et
1265 2465 1300 2507 ιιι

193 2527 375 2615 praemium
398 2537 432 2595 rt
457 2526 560 2590 CXX.
591 2527 699 2594 solidi.

278 2611 321 2672 11.
364 2610 532 2692 Quicquid
553 2610 592 2671 de
611 2607 830 2691 superioribus
851 2609 945 2671 lactis
968 2610 1002 2670 in
1023 2611 1193 2675 loemInam
1214 2633 1299 2673 com·-

193 2693 342 2771 mittitur‚
360 2693 387 2753 si
400 2693 491 2776 virgo
507 2693 616 2770 fuerit,
632 2693 807 2777 dupliciter
827 2704 1048 2778 componatur,
1070 2695 1097 2758 si
1115 2695 1176 2756 iam
1193 2694 1300 2770 enixa,

194 2776 385 2862 simpliciter
406 2784 625 2860 componatur.
700 2851 703 2856 1

276 2858 340 2922 ΙΙΙ.
382 2857 474 2920 Litus
495 2858 627 2922 occisus
655 2852 748 2919 CXX.
773 2857 886 2920 solidis
916 2868 1154 2944 componatur}
1184 2859 1303 2922 mulcta

194 2957 274 3008 vero
300 2941 475 3006 vulnerum
500 2944 596 3020 eius,
621 2957 681 3024 per
711 2942 818 3014 omnia
846 2940 1035 3006 duodecima
1065 2952 1155 3026 parte
1179 2943 1303 3019 minor,

194 3046 292 3111 qnam
318 3017 436 3086 nobilis
460 3023 632 3102 (hominis.
675 3024 825 3085 Solratnr
855 3035 962 3088 autem
987 3025 1092 3088 solido
1120 3023 1303 3099 maioris),

193 3110 247 3173 vel
270 3107 298 3172 si
319 3117 434 3189 negat,
460 3091 516 3169 dna
541 3109 639 3170 mann
663 3107 854 3169 duodecima
874 3106 968 3172 iuret.
1020 3109 1054 3168 Si
1079 3109 1112 3168 in
1134 3109 1229 3169 turba
1252 3107 1304 3169 'vel

193 3190 353 3256 seditione
371 3190 471 3253 fuerit
495 3192 640 3266 occisus,
662 3200 873 3270 componatur
894 3192 932 3252 ab
958 3213 1015 3268 eo,
1047 3191 1100 3253 cui
1129 3213 1214 3252 mors
1236 3189 1304 3250 eius

194 3275 393 3358 imputatur,
430 3275 485 3335 vel
511 3281 708 3336 sacramento
732 3273 903 3335 duodecim
922 3274 1092 3336 homiuum
1117 3283 1263 3356 negetur.

279 3354 338 3421 IV.
381 3357 498 3418 Servus
528 3378 547 3416 a
576 3353 679 3417 nobili
711 3355 855 3434 occisus,
883 3355 1043 3422 XXXVI.
1074 3357 1187 3418 solidis
1215 3373 1308 3416 com-¹

192 3449 345 3526 ponatur,
365 3438 418 3501 vel
445 3438 547 3501 tribus
564 3435 744 3501 iurantibus
766 3447 913 3522 negetur.
953 3439 981 3501 A
1004 3440 1110 3508 libero
1122 3446 1150 3513 ι)
1172 3437 1303 3502 vellito

194 3523 294 3610 pleno
315 3532 513 3584 sacramento
538 3530 684 3606 negetur.

279 3604 320 3668 V.
360 3603 463 3684 Litus,
484 3605 511 3668 si
529 3625 589 3690 per
610 3605 732 3666 iussum
753 3601 807 3666 vel
833 3603 1006 3667 consilium
1027 3602 1150 3667 domini
1171 3603 1220 3666 sui
1245 3602 1304 3662 Ιιοό

195 3685 318 3749 minem
337 3683 498 3767 eciderit,
527 3697 659 3771 utputa
681 3687 844 3767 nobilem,
872 3688 1022 3750 domiuus
1042 3687 1306 3770 compositionem

194 3769 374 3855 persolvat,
395 3773 449 3833 vel
474 3771 591 3833 faidam
609 3777 726 3854 portet.
776 3769 812 3831 Si
834 3779 940 3833 autem
961 3771 1081 3854 absque
1107 3767 1305 3832 conscientia

265 3992 295 4066 t)
310 3995 417 4055 Desunt
442 3993 470 4046 ln
495 3991 596 4045 omnib.
623 3991 690 4045 edit.
762 3993 795 4058 l)
814 3991 911 4063 spano.
937 3999 967 4044 et
990 3986 1067 4046 Lind.
1096 3987 1198 4042 CCXL.
1270 3988 1306 4058 m)

198 4064 276 4118 uua
294 4065 405 4118 ccxx.
483 4064 513 4133 a)
528 4062 624 4131 spang.
642 4071 670 4114 e
686 4057 795 4114 nemra.
838 4033 916 4114 cxl.
939 4063 989 4114 ,οι
1057 4059 1091 4131 a)
1109 4059 1205 4129 spana.
1227 4056 1304 4111 cxc.

196 4135 229 4204 p)
244 4133 321 4188 Lind.
342 4133 375 4188 ds
393 4133 585 4187 occisionibus.
657 4131 687 4202 q)
705 4133 781 4184 Lind.
796 4131 885 4186 ruodo
903 4131 978 4202 quod
992 4131 1103 4184 dicitur.
1175 4132 1206 4194 r)
1226 4127 1306 4182 Lind.

197 4219 224 4258 et
241 4205 490 4344 {memetpipmd
541 4203 684 4325 ,ipsqui
704 4213 732 4257 et
749 4203 825 4256 Lind.
845 4202 962 4256 dominis
983 4205 1121 4261 solvatur,
1149 4211 1198 4254 out
1217 4197 1305 4256 solido

198 4293 308 4330 maron.
379 4286 391 4326 t
442 4289 470 4326 tn
493 4290 536 4332 ,a
571 4291 666 4326 aero.
