2876 4992
155 1537 275 1664 hEX
316 1595 573 1664 shutct
723 1601 849 1667 tux
889 1600 1140 1669 steten

180 1750 552 1826 nectunt
757 1723 1123 1828 scutorum·

113 1915 295 1975 EXCODICE
322 1915 635 1975 cuutrtuutrtuo.
690 1911 745 1970 ‘EX
786 1907 920 1970 CODICE
960 1915 1165 1974 PhttISIENSL

292 2063 440 2079 ——q
858 2057 1001 2073 m

153 2186 199 2258 Iu
233 2183 370 2257 Codice
408 2177 637 2276 Guelferhy-
711 2175 756 2250 In
785 2179 923 2250 Christi
963 2179 1122 2255 nominc·
1140 2186 1203 2256 in-

111 2296 189 2356 tono
209 2297 287 2356 tam
313 2283 496 2374 Prologus
524 2307 636 2375 quom
664 2277 752 2375 cipit
782 2278 960 2371 Prologus
993 2283 1103 2378 Legis
1131 2285 1206 2356 Sa-

110 2386 215 2456 Iodex
243 2384 450 2456 Titulorum
484 2382 635 2454 omnino
786 2453 790 2458 ,
879 2377 980 2451 lirae.

340 2493 426 2552 eeet.
485 2521 486 2524 π

312 2483 340 2552 d
707 2573 800 2636 Gens
844 2575 1045 2638 Francorum
1090 2579 1204 2641 inclite

665 2665 795 2718 auctore
813 2657 883 2718 Deo
899 2659 1028 2719 condita
1055 2659 1148 2722 fortis
1168 2663 1204 2722 iu
1308 2669 1311 2676 '

665 2759 753 2798 erma
777 2739 865 2799 firma
881 2762 959 2824 pace
975 2742 1057 2802 fretu
1070 2745 1208 2823 profun-

665 2821 707 2881 do
731 2820 765 2881 in
779 2821 925 2884 consilio.
968 2821 1130 2907 Corporea
1146 2847 1202 2887 no·

664 2900 772 2964 bilitas
829 2905 1016 2966 incolumnu
1063 2909 1204 2971 candore

112 2986 201 3055 forme
220 2984 346 3073 egregia
368 2983 471 3052 audax
489 2987 586 3052 velox
603 2992 636 3050 et
651 3007 761 3069 aspera
777 2986 794 3045 h
809 2986 967 3048 catholica
987 2989 1050 3052 fide
1072 3013 1206 3053 convcr-

115 3093 158 3148 sa,
183 3073 328 3134 immunis
362 3073 401 3133 ab
430 3072 560 3150 herese,
590 3071 668 3138 dum
693 3067 798 3129 adhue
821 3078 989 3132 teneretur
1024 3075 1042 3134 h
1071 3074 1207 3136 harharo

115 3152 270 3235 inspirante
286 3157 356 3216 Deo
379 3155 549 3236 inquirens
567 3151 718 3216 scientiae
743 3151 865 3213 clavem
885 3152 973 3214 iuxta
992 3177 1117 3217 morum
1131 3179 1209 3220 suo-

116 3255 174 3296 rum
191 3237 375 3318 qualitatem
397 3237 583 3298 desiderans
603 3233 756 3297 iustitium
779 3235 949 3298 eustodens
968 3237 1119 3318 pietatem
1141 3240 1210 3302 dic-

114 3325 245 3380 taverunt
262 3319 401 3380 Salicum
417 3321 521 3402 legem
547 3340 606 3402 per
624 3337 773 3399 proceres
795 3315 892 3398 ipsius
911 3329 1022 3401 gentos
1041 3323 1098 3404 qui
1118 3345 1206 3385 nuuc

114 3404 247 3482 temporis
275 3401 419 3463 eiusdem
440 3402 572 3462 aderant
598 3409 739 3460 rectores
771 3399 865 3459 electi
887 3401 926 3461 de
955 3403 1101 3484 pluribus
1128 3407 1207 3471 viris

114 3492 234 3561 quatuor
255 3483 307 3545 his
330 3484 534 3561 nominibus,
562 3481 777 3564 Vuisogastis,
798 3481 1004 3563 Bodogastis‚
1027 3489 1209 3571 Salegastis,

114 3573 139 3622 et
155 3559 352 3647 Vuidegastis
375 3567 408 3626 in
435 3566 505 3628 loca
536 3563 793 3647 cognominantia
820 3565 1046 3648 Saleclraginc,
1068 3571 1210 3656 Bodoga.

114 3648 185 3726 gine,
206 3648 430 3711 Vuidochami.
478 3648 544 3726 Qui
570 3668 629 3729 per
650 3657 714 3707 tres
743 3646 856 3706 mullos
883 3650 1121 3715 convenientes·
1144 3673 1211 3716 om.

114 3747 160 3788 nee
181 3752 344 3792 cansarum
371 3731 510 3812 origines
534 3729 673 3792 sollicite
698 3727 902 3788 discutiendo
923 3734 1065 3792 tractatis
1088 3735 1127 3795 de
1143 3739 1208 3798 sin·

115 3811 184 3888 gulis
203 3813 359 3876 iudicium
378 3814 595 3874 decreverunt
617 3811 679 3883 hoo
696 3810 800 3870 modo.
842 3811 892 3870 Ad
916 3812 971 3872 uhi
991 3817 1061 3874 Deo
1082 3818 1210 3882 favente

107 3890 171 3954 «Rex
189 3897 385 3957 Francorum
405 3894 612 3957 Chlodoveus
631 3904 756 3954 torrens
778 3899 811 3952 et
836 3893 974 3974 pulcher
995 3896 1135 3977 primum
1155 3923 1210 3961 re·

116 3975 188 4054 cepit
208 3979 409 4039 Catholicum
434 3977 626 4059 baptismum
646 3985 677 4036 ct
700 3975 788 4056 quod
812 3976 919 4038 minus
946 3978 1090 4060 inspecto
1108 3980 1211 4045 habe·

115 4051 160 4115 hat
179 4057 324 4122 idoneum
352 4083 411 4144 pro
433 4061 538 4144 culpis
564 4059 650 4142 regis
673 4057 863 4118 Chlodoreo
890 4069 922 4120 et
946 4059 1155 4126 Childcherto
1179 4076 1212 4126 ct

118 4135 286 4204 chlothario
306 4143 370 4206 fuit
385 4143 505 4208 lucidis
528 4139 743 4204 emendatum.
786 4137 883 4200 Vivat
897 4143 969 4224 quis
991 4145 1134 4208 Francos
1157 4149 1208 4209 di·

119 4213 188 4299 light
225 4225 368 4287 Christus
395 4247 508 4288 eorum
534 4245 671 4307 regnum
690 4222 850 4284 custodiat
869 4235 1010 4288 rectores
1032 4233 1211 4296 eorundem

861 4341 885 4412 7
