2876 4992
375 337 478 391 LEGIS
498 333 743 389 urruanronuu
761 336 833 390 r1r.
852 333 961 390 xuvn.
987 361 989 368 ι
1135 357 1137 362 v
1159 312 1232 398 ff?

202 475 266 544 111.
309 477 343 538 Si
361 487 469 540 autem
488 477 523 538 in
549 477 722 541 venatione
748 497 813 538 uon
840 474 921 555 fuit,
958 478 1091 563 triginta
1118 470 1232 546 somffl

115 561 293 647 culpabilis
316 560 487 622 iudicetur.
1183 576 1219 598 u·

320 679 412 754 Tur.
438 677 583 754 XLIII.
634 684 744 762 (45.)
766 709 768 714 ’
793 677 852 746 De
877 677 1034 770 sepibus.

202 807 237 868 Si
259 805 331 889 quis
352 829 430 869 vero
449 817 513 868 tres
532 806 637 888 virgas
652 799 740 869 unde
760 805 844 887 sepis
863 804 995 888 ligatur,
1021 807 1075 880 rel
1092 819 1238 880 retortae·
1332 835 1334 840 ·

121 890 209 951 uude
239 891 323 972 sepis
356 889 560 966 continetur,
585 887 805 970 capulaverit,
831 897 887 947 aut
905 897 969 950 tres
993 891 1168 956 cambortas
1195 905 1231 978 q)

120 972 326 1050 involaverit,
350 993 407 1034 seu
425 972 458 1031 in
481 973 626 1032 clausura
647 969 753 1030 aliena
773 979 921 1052 trangum
940 972 982 1032 ad
1000 978 1231 1041 transeundum

119 1056 248 1134 fecerit,
269 1053 458 1138 quindecim
474 1054 586 1116 solidis
607 1053 772 1119 multetur.

145 1173 238 1250 Trr.
263 1170 405 1246 XLIV.
456 1174 565 1254 (46.)
616 1169 675 1242 De
711 1193 756 1238 eo
790 1171 915 1262 quiin
947 1195 1063 1244 messe
1089 1175 1206 1249 aliena

423 1294 504 1339 cum
531 1292 637 1338 carro
661 1270 848 1338 transierit
874 1279 927 1354 r).

203 1397 238 1459 Si
260 1397 331 1480 quis
353 1419 413 1481 per
435 1417 568 1458 messem
596 1395 734 1456 alienam
761 1416 835 1456 cum
870 1418 984 1479 carro,
1018 1403 1070 1466 vel
1096 1419 1229 1470 carruca
1324 1403 1329 1416 ’

120 1481 302 1559 transierit,
325 1481 516 1565 quindecim
531 1479 641 1540 solidis
662 1479 829 1546 multetur.
1056 1481 1059 1488 “

124 1601 216 1676 Tm.
252 1598 375 1673 XLV.
436 1603 548 1681 (47.)
599 1595 657 1665 De
690 1591 736 1666 eo
774 1597 837 1690 qui
869 1601 1051 1672 nesciente
1081 1603 1229 1678 homine

121 1700 280 1794 aliquam
306 1697 480 1768 furtivam
505 1719 584 1764 rem
608 1696 646 1764 in
672 1693 822 1766 domum
848 1697 947 1768 illius
970 1701 1228 1784 introduxerit.
1260 1767 1262 1771 .

205 1826 239 1888 si
259 1826 332 1908 quis
353 1826 520 1888 nesciente
537 1824 668 1893 homine
687 1824 841 1886 furtivam
865 1837 984 1906 rems)
1010 1829 1044 1889 in
1068 1833 1138 1896 eius
1157 1857 1228 1917 pos.

121 1910 298 1974 sessionem
319 1909 546 1992 introduxerit,
561 1915 592 1968 et
606 1907 725 1968 ibidem
739 1910 873 1970 inventa
889 1911 1000 1990 fuerit,
1017 1916 1229 2008 quadraginta

120 1995 267 2077 quinque
286 1993 397 2053 solidis
420 1991 591 2088 culpabilis
615 1989 797 2076 iudicetur,
827 1992 879 2052 vel
902 1993 1061 2078 quicqurd
1083 1998 1115 2060 ei
1138 2001 1229 2062 dam..

120 2099 202 2138 num
221 2075 410 2153 accesserit,
439 2075 529 2134 aliud
546 2082 670 2135 tantum
700 2073 859 2139 restituat.

122 2196 215 2273 Tru.
240 2194 381 2272 XLVI.
431 2175 541 2276 (re.)
571 2175 648 2262 ‘ue
669 2173 975 2288 quadrupedibus,
991 2197 1228 2276 atauusuuu

564 2293 777 2368 occiderint,

202 2425 229 2489 Ι.
272 2422 307 2482 Si
326 2420 397 2504 quis
417 2420 600 2503 quadrupes
624 2419 790 2481 homiuem
811 2419 976 2501 occiderit,
997 2422 1065 2508 ipse
1089 2428 1230 2509 quadru-

120 2527 189 2591 pes,
211 2505 268 2588 qui
289 2527 363 2566 eurn
386 2505 559 2581 interfecit,
579 2505 612 2562 in
632 2503 837 2565 medietatem
853 2507 1019 2588 weregiidi
1036 2511 1230 2592 suscipiatur

123 2599 157 2650 et
180 2589 275 2648 aliam
302 2587 505 2647 medietatem
531 2587 680 2646 dominus
702 2586 921 2668 quadrupedis
947 2590 1073 2651 solvere
1102 2594 1229 2654 studeat

123 2673 243 2752 absque
264 2671 371 2732 fredo:
397 2670 473 2751 quia
499 2669 587 2752 quod
605 2667 831 2752 quadrupedes
850 2669 984 2750 faciunt,
1005 2672 1116 2734 fredus
1131 2676 1227 2736 exiu-

123 2755 165 2814 de
188 2775 253 2813 non
275 2753 426 2836 exigitur.
548 2755 554 2767 '
1219 2800 1225 2808 .

206 2837 246 2895 II.
288 2835 386 2913 Quod
408 2833 434 2895 si
459 2832 643 2916 quadrupes
664 2832 905 2916 quadrupedem
926 2832 1140 2916 interfecerit,
1166 2840 1226 2903 do.

121 2917 230 2978 minus
254 2916 471 2999 quadrupedis
496 2915 739 2998 quadrupedem
756 2925 918 2977 mortuum
937 2917 991 2978 vel
1015 2919 1155 2992 debilem
1170 2910 1235 2988 Υεέ

122 3000 237 3082 cipiat;
255 3010 377 3062 etcum
396 3013 434 3076 t),
454 3001 511 3079 qui
526 2998 626 3057 aliurn
643 2997 854 3075 interfecerit,
876 2999 1006 3059 domino
1029 3003 1110 3080 eius,
1131 3006 1225 3069 cuius

121 3084 306 3164 quadrupes
326 3091 373 3143 est
399 3083 607 3158 interfectus,
633 3080 735 3162 ipsum
756 3081 998 3163 quadrupedem
1022 3086 1171 3168 tribuat,
1194 3098 1229 3152 et

121 3175 281 3248 quantum
305 3163 493 3225 interfectus
516 3163 566 3226 rel
590 3162 704 3224 debilis
726 3167 815 3246 pri-us
837 3165 995 3243 valuerat,
1020 3168 1144 3232 solvat
1226 3181 1227 3186 ’

221 3283 312 3357 ΤιΤ.
338 3281 498 3356 XLVII.
546 3277 651 3375 (49.)
701 3280 760 3350 Da
775 3282 924 3372 vestigio
943 3285 1141 3382 minando„

206 3409 231 3474 1.
273 3409 308 3468 Si
329 3407 402 3490 quis
423 3408 541 3468 animal
561 3429 655 3468 suum
676 3429 735 3489 pcr
749 3407 919 3489 vestigium
939 3413 1095 3493 sequitur,
1112 3428 1144 3479 et
1162 3427 1225 3480 ter.

122 3492 170 3554 tio
192 3491 244 3552 die
267 3492 300 3550 iu
322 3492 416 3552 domo
434 3491 608 3552 cuiuslibet
633 3492 684 3551 vel
706 3491 739 3549 in
763 3491 910 3572 quolibet
924 3499 960 3562 u]
979 3497 1051 3558 loco
1075 3520 1150 3562 cum
1170 3501 1224 3563 iu.

123 3575 260 3653 venerit,
282 3574 379 3648 liceat
401 3574 430 3634 ei
457 3575 576 3656 absque
603 3573 949 3639 intertiato‘revocare.
1240 3569 1242 3575 ’

208 3656 253 3722 lt.
296 3656 435 3735 Quodsi
458 3657 491 3715 in
513 3659 607 3716 domo
627 3656 743 3732 fuerit,
776 3664 807 3716 et
831 3655 1021 3716 scrutinium
1057 3657 1101 3745 v),
1134 3665 1227 3730 cuin,

124 3747 174 3802 est
190 3740 313 3818 domus,
339 3739 581 3814 contradixerit,
604 3746 639 3797 ut
657 3740 712 3798 fur
730 3738 893 3804 habeatur.

208 3821 271 3886 ΙΙΙ.
313 3822 410 3900 Quod
426 3821 452 3882 si
476 3821 595 3882 ibidem
613 3821 777 3882 violenter
800 3822 961 3903 ingressus
980 3823 1095 3906 fuerit,
1128 3829 1250 3910 quin.⁴

124 3903 232 3966 decim
247 3904 359 3966 solidis
380 3906 546 3982 multetur,
569 3912 624 3964 aut
646 3925 718 3964 cum
740 3925 796 3964 sex
815 3904 911 3971 iuret,

125 4023 561 4039 mm-

195 4081 228 4146 q)
247 4077 365 4142 Sangall.
386 4075 511 4127 Corbion.
533 4083 560 4126 et
578 4074 688 4128 Herold.
707 4076 738 4125 iu
751 4075 911 4127 eambertus.
966 4074 992 4146 r)
1010 4077 1117 4134 Herold.
1137 4085 1178 4140 De
1190 4065 1255 4142 biri'

124 4148 225 4217 qui-
245 4148 417 4199 transierint.
478 4145 502 4216 r)
520 4146 574 4197 Til.
595 4155 622 4198 et
641 4145 718 4196 Lind.
739 4163 795 4196 rem
813 4146 844 4195 in
861 4144 967 4197 domum
987 4151 1027 4199 vet
1044 4153 1075 4200 in
1093 4167 1143 4207 ete.
1203 4149 1256 4226 ιγ’

126 4215 206 4269 Lind.
226 4230 251 4268 et
268 4219 354 4287 ipsum
371 4215 582 4290 quadrupedem.
637 4215 666 4286 u)
685 4214 810 4268 Corbion.
834 4218 974 4287 sequar-it,
995 4231 1021 4270 et
1044 4239 1129 4294 usquc
1148 4227 1242 4282 tertio¹¹¹¹

127 4283 173 4340 dia
197 4285 312 4341 &domo
331 4290 409 4342 cuius
427 4289 474 4340 vel
491 4289 521 4339 in
537 4286 610 4359 qual.
666 4285 692 4356 ν)
711 4285 836 4339 Corbion.
856 4284 1030 4342 scludinium.
1072 4339 1074 4343 ,
1110 4317 1125 4338 π,
1162 4324 1165 4333 ι

896 4385 941 4458 12
