2900 5020
215 311 290 394 388
533 339 637 396 neers
655 315 830 396 saxorum
852 343 926 398 nr.
944 342 1019 400 xnt.

214 480 333 544 mulier
361 475 499 541 mediam
525 479 708 561 portionem
728 477 881 560 accipiat:
917 480 980 542 hoc
1007 481 1092 564 apud
1117 482 1324 550 Westlalaos.

214 563 482 716 ddldsffiffflm
501 561 730 686 ctdugrarios,
752 561 837 625 nihil
857 563 1011 649 accipiet,
1032 565 1089 627 sed
1101 573 1258 628 contenta
1280 566 1326 630 sit

444 805 537 897 Tlr.
562 826 617 898 X.
663 826 730 898 De⁴
746 839 853 922 raptu
877 830 1085 904 mulierum.

298 987 323 1049 I.
367 985 431 1066 Qui
454 988 627 1050 foeminum
647 989 686 1052 ab
708 990 771 1052 alio
793 991 1014 1074 desponsatam
1033 988 1195 1072 rapuerit,
1223 992 1320 1052 CCC.

215 1069 307 1136 solid.
322 1071 405 1154 patri
424 1071 563 1152 puellae,
586 1073 676 1135 CCC.
692 1095 807 1156 sponso
825 1082 1015 1157 componat,
1030 1083 1062 1138 et
1077 1073 1210 1157 insuper
1225 1072 1320 1140 CCC.

216 1154 327 1218 solidis
348 1163 431 1214 emat
453 1174 531 1213 eam.

298 1235 337 1302 ΙΙ,
378 1235 421 1296 Et
440 1234 467 1296 si
489 1257 563 1296 cnm
582 1244 682 1312 matre
703 1247 834 1300 euntem
855 1236 890 1300 in
912 1235 965 1300 via
985 1237 1150 1322 rapuerit,
1171 1239 1268 1301 etiam
1289 1249 1323 1302 et

217 1315 311 1378 matri
331 1317 423 1379 CCC.
444 1316 563 1380 solidos
584 1329 762 1404 componat.

428 1502 520 1572 Tur.
546 1501 616 1572 XI.
666 1505 723 1574 De
747 1503 887 1574 delictis
912 1526 1115 1577 servorum.

295 1632 321 1691 I.
364 1628 531 1711 Quicquid
552 1651 679 1708 servus,
711 1639 767 1692 aut
787 1631 880 1710 litua,
903 1631 1035 1693 iubente
1058 1630 1189 1693 domino
1208 1651 1324 1717 perpe-

219 1712 372 1792 traverit,
394 1713 541 1774 dominns
561 1713 720 1779 emendet.
937 1733 939 1740 ·

296 1797 338 1857 H.
380 1793 414 1854 Si
436 1815 547 1856 servus
569 1796 673 1859 scelus
694 1795 864 1878 quodlibet
892 1794 1057 1860 nesciente
1080 1797 1210 1857 domiuo
1232 1819 1322 1858 com-

217 1875 359 1956 miserit,
382 1886 417 1936 ut
438 1885 514 1958 puta
535 1875 746 1940 homicidium
763 1888 818 1938 aut
839 1881 980 1956 furtum,
1002 1879 1150 1942 dominus
1172 1879 1240 1942 eius
1260 1901 1322 1964 pro

215 1961 294 2037 illo,
322 1958 410 2019 iuxta
425 1959 610 2042 qualitatem
625 1962 720 2038 facti,
742 1962 895 2022 mulctam
915 1971 1093 2036 componat.
1244 2035 1248 2044 ὓ
1307 1954 1311 1966 ’

298 2040 359 2103 llI.
400 2042 435 2102 Si
462 2061 575 2102 servus
604 2054 787 2124 perpetrato
817 2044 962 2106 facinore
989 2045 1129 2126 fugerit,
1163 2040 1208 2104 ita
1238 2052 1275 2105 ut
1303 2067 1323 2106 a

216 2121 346 2185 domino
368 2124 503 2184 ulterius
524 2123 666 2186 inveniri
688 2147 754 2185 non
775 2127 894 2208 possit,
920 2125 1004 2186 nihil
1026 2127 1138 2190 solvet.

299 2207 353 2270 lv.
394 2206 428 2265 Si
451 2205 582 2266 domiuo
606 2208 728 2268 facturn
750 2210 835 2270 servi
856 2209 1050 2290 imputetur,
1073 2207 1164 2290 quasi
1181 2228 1323 2270 cousen-

215 2287 309 2366 tiret,
330 2309 387 2349 sua
406 2287 595 2350 duodecima
614 2311 711 2352 mauu
729 2290 864 2352 iurando
883 2311 916 2351 se
933 2289 1089 2372 purificet.

298 2371 338 2432 V.
380 2370 415 2431 si
430 2391 542 2432 servus
559 2369 674 2433 iterum
686 2395 704 2433 a
718 2371 850 2436 domino
867 2381 1015 2457 receptus
1027 2372 1149 2450 fuerit,
1165 2373 1324 2435 mulctam

216 2471 276 2536 pro
293 2449 352 2514 illo
369 2462 548 2536 componat.

408 2637 501 2716 Tlr.
526 2637 613 2710 XII.
663 2639 722 2710 De
748 2641 880 2710 damno
906 2663 990 2708 casu
1012 2637 1124 2707 illuto.

299 2769 325 2830 1.
367 2765 403 2830 Si
417 2767 512 2829 arbor
529 2767 568 2828 ab
590 2769 655 2832 alio
672 2768 830 2853 praecisa,
858 2789 933 2829 casn
951 2766 1130 2851 quemlibet
1150 2785 1322 2847 oppresse-

216 2849 277 2947 rit,
298 2860 508 2934 componatur
517 2851 655 2932 mulcta,
675 2852 774 2936 pleno
786 2849 978 2933 weregildo,
1000 2871 1018 2910 a
1034 2871 1100 2932 quo
1116 2847 1209 2910 arbor
1223 2867 1323 2930 prae-

217 2954 282 2995 cma
300 2941 361 3080 Ilii·
374 3013 418 3075 JSi
437 3006 534 3076 'arbor
555 3035 688 3077 accensa
710 3012 885 3092 ceciderit,
906 3004 1136 3095 hominemque
1150 3031 1322 3094 oppresse-

216 3096 277 3173 rit,
299 3118 317 3156 a
343 3117 435 3167 mane
455 3118 556 3192 usqne
573 3095 613 3158 ad
629 3118 741 3175 mane,
772 3095 824 3158 vel
840 3117 1005 3178 avespera
1024 3116 1125 3177 usque
1147 3095 1187 3154 ad
1204 3115 1321 3176 vespe-

216 3200 306 3254 ram,
337 3201 377 3240 ex
394 3200 557 3261 quorguts
576 3200 728 3239 accensus
747 3188 808 3240 est:
830 3176 858 3239 si
877 3177 962 3238 inlra
982 3176 1319 3259 hoctempuscudeus
1439 3217 1440 3238 1

216 3259 382 3320 bominem
402 3261 613 3342 oppresserit,
635 3261 674 3320 ab
696 3281 755 3338 eo,
787 3261 845 3342 qui
867 3259 1014 3322 Incendit
1033 3259 1199 3338 arborem,
1220 3280 1322 3320 ¹com·
1439 3295 1440 3336 3

216 3352 365 3426 ponatur.
407 3343 442 3402 Si
460 3352 545 3424 pust,
567 3341 650 3401 nibil
667 3344 781 3407 solvat.

253 3485 257 3492 .
299 3423 359 3486 llI.
401 3425 466 3500 Qui
497 3425 648 3506 laqueum
678 3427 835 3486 fossamve
864 3421 905 3484 ad
932 3425 1015 3486 feras
1037 3421 1207 3504 capiendas
1230 3423 1321 3484 fecer
1439 3417 1440 3474 l

217 3504 279 3582 rit,
302 3514 334 3567 et
348 3504 428 3566 haee
440 3508 589 3567 damnum
599 3506 733 3568 cuilibet
746 3505 897 3584 fecerint,
918 3506 976 3588 qui
989 3527 1040 3568 eas
1052 3505 1148 3585 fecit,
1169 3506 1322 3566 mulctam
1439 3591 1440 3598 ἵ

218 3588 358 3734 ⁸0lwltb'·
400 3668 435 3732 Si
451 3671 534 3730 fossa
550 3670 602 3736 vel
620 3670 754 3752 laqueus
768 3667 809 3730 ad
831 3668 914 3731 ieras
935 3631 1111 3752 capiendas,
1124 3679 1321 3753 praeparata,
1439 3647 1440 3728 l

211 3751 370 3816 damnum
380 3751 548 3833 quodlibet
558 3753 714 3830 fecerint,
724 3785 725 3789 ,
735 3774 752 3811 u
763 3773 829 3834 quo
844 3759 951 3834 parata
964 3760 1054 3828 sunt,
1077 3760 1322 3835 componantur.
1439 3747 1440 3760 ³

300 3831 341 3901 V.
390 3833 423 3896 si
451 3835 575 3895 terrram
601 3857 698 3894 manu
727 3834 891 3918 elapsum,
925 3831 1089 3894 bominem
1115 3834 1323 3916 percusserit,
1439 3895 1440 3902 ,

219 3915 259 3979 ab
280 3937 341 3995 eo,
362 3917 454 3980 cuius
474 3935 605 3978 manum
624 3918 765 4000 fugerat,
787 3923 1017 3999 componatur,
1041 3924 1176 3999 excepta
1196 3915 1292 3982 faida.

293 4067 383 4142 Tru.
410 4066 517 4138 XIII.
566 4067 624 4138 De
650 4065 817 4156 animali,
844 4065 942 4160 quod
967 4067 1139 4138 damnum
1164 4070 1247 4148 dat.

281 4195 327 4261 I.
368 4196 403 4258 si
424 4195 542 4257 animal
563 4194 733 4278 quodlibet
753 4194 906 4272 damnum
927 4185 1061 4257 cuilibet
1081 4194 1250 4276 intulerit,
1282 4197 1323 4266 ab

166 4289 168 4293 ’
218 4299 276 4357 oo,
298 4278 395 4362 cuitu
408 4299 475 4342 esre
491 4278 686 4358 constiterit,
709 4286 938 4363 componatur,
960 4287 1093 4363 excepta
1113 4278 1208 4340 faida.
