2900 5020
424 351 536 406 LEGIS'
548 344 748 404 FRISIONUM
758 326 928 408 ‘Tiritlt'
1163 307 1235 412 ddi
1254 395 1260 412 .
1291 307 1295 314 ·

126 487 258 552 dimidia
294 487 615 572 portione,2'iurare'
632 485 780 550 delebits
805 481 868 553 *au't
897 493 924 555 si
949 515 1065 590 negare
1089 517 1153 558 non
1176 517 1237 579 po-

126 573 255 650 tuerit„
277 571 493 641 ethomicida
518 571 703 652 profugium
723 572 819 651 feeit,
848 585 884 633 ut
903 589 1050 654 superaus
1071 577 1253 651 diximus„

124 654 252 732 tertiam
277 652 460 738 portionem
483 651 590 714 leudis
619 653 688 714 eius
711 667 891 738 componat.
933 659 967 721 si
997 661 1238 730 vero'hodriois

125 736 165 804 da
185 735 373 822 profugium
392 758 458 807 uon
480 733 577 812 lecit,
613 738 777 816 expositor
797 761 858 802 neo
887 737 989 820 iuret,
1022 743 1240 825 neoaliqdid

124 819 248 898 solvat,
279 819 336 880 sed
357 827 483 880 tuntum
502 826 542 878 ut
563 817 730 900 superius,
770 819 955 886 inimicitias
976 819 1237 909 propinquorum

125 902 224 966 occisi
267 902 393 965 atiatur.
414 957 438 982 „
1130 919 1152 967 τ.

170 1047 173 1058 ,
209 984 222 1044 Ι
258 1026 266 1048 .
311 985 345 1058 Si
375 983 451 1046 litus
482 983 522 1046 de
553 981 659 1051 ‚nobili
688 982 820 1048 homine
843 987 960 1050 eodem
988 988 1238 1056 soalsresfuerit

125 1064 368 1146 incriminatus,
402 1066 487 1126 iuret
516 1066 687 1131 medietate
717 1067 828 1130 maiori
856 1082 1071 1148 sacramento,
1100 1072 1238 1152 quantis

125 1151 243 1214 hetdo
273 1149 376 1210 nobili
402 1148 509 1209 iurare
532 1149 657 1214 debeat.
696 1149 764 1211 Aut
788 1150 816 1210 si
838 1173 955 1234 negare
983 1175 1046 1214 nou
1071 1155 1233 1236 potuerit,

126 1242 159 1294 et
179 1231 340 1295 homicida
367 1230 526 1308 defuerit,
556 1231 662 1290 omnia
684 1240 721 1291 ut
748 1234 896 1315 superius
928 1237 967 1298 de
993 1235 1065 1298 aliis
1089 1238 1238 1318 personis

124 1313 243 1396 scripta
263 1323 355 1392 suut,
383 1312 532 1410 impleam
568 1314 657 1394 quod
685 1313 714 1374 si
744 1314 783 1376 de
815 1316 919 1378 libero
943 1319 1030 1380 idem
1068 1317 1238 1382 scaturiet·

124 1395 318 1480 imputetur,
340 1393 519 1456 'medletate
541 1395 654 1460 maiori
677 1410 875 1468 sacramento
893 1399 992 1480 iuret,
1021 1401 1108 1484 quod
1129 1399 1168 1474 d)-
1186 1400 1239 1462 li·

123 1479 183 1540 her
214 1477 381 1542 delibero
408 1477 515 1538 iurare
538 1478 670 1540 debeat:
694 1487 750 1539 aut
781 1480 809 1541 si
833 1503 950 1564 negare
980 1505 1044 1544 nou
1069 1483 1242 1564 polluerit„⁴

124 1571 157 1622 et
191 1561 353 1622 homicida
380 1559 579 1642 profugerit,
609 1559 736 1620 tertiam
764 1563 947 1644 portionem
970 1565 1074 1626 leudis
1100 1583 1240 1647 compos-3

121 1651 196 1789 irat,
227 1655 260 1706 et
289 1644 417 1724 omnia,
452 1653 489 1704 ut
515 1639 664 1726 superius
696 1644 781 1706 diota
806 1654 909 1726 snut‚·
932 1647 1067 1732 implere
1087 1647 1232 1731 compel-

138 1737 219 1792 alul'.
683 1789 684 1798 ,
709 1786 713 1794 ‚
881 1791 886 1801 Α
947 1755 950 1762 ’
1200 1767 1205 1785 s
1236 1783 1240 1791 .

205 1807 249 1877 X.
290 1805 324 1870 Si
347 1807 386 1870 de
413 1805 474 1869 ,lito
504 1805 605 1869 fuerit
635 1805 877 1888 incriminatus,
906 1830 963 1872 sua
995 1820 1107 1894 quarta
1134 1829 1238 1880 munus

123 1900 356 1956 sacramentnm
377 1889 541 1974 perficiat,
571 1899 626 1952 aut
653 1889 679 1950 si
706 1893 890 1976 negaverit,
916 1901 949 1954 et
977 1891 1137 1964 homicida
1156 1914 1238 1977 pru-t

122 1973 330 2117 {titgeritstm
359 1994 441 2058 quae
467 1973 616 2057 superius
643 1971 763 2058 scripta
790 1984 886 2054 sunt,
917 1995 978 2058 per
1000 1976 1148 2044 ordinem
1176 1977 1253 2055 ime

122 2067 220 2143 psat.
1234 2094 1238 2103 =

182 2257 1172 2355 usscvvusnsnusloo1o1'n
1225 2240 1229 2284 ²

206 2455 241 2519 Si
277 2455 350 2540 quis
390 2478 539 2536 servum,
581 2465 637 2522 aut
672 2455 839 2534 ancillam,
874 2454 1051 2521 caballum.
1094 2442 1241 2537 hovem,

124 2560 236 2617 ovem,
259 2541 310 2604 vel
335 2539 557 2621 cuiuscunque
573 2540 699 2622 generis
714 2539 850 2617 animal,
869 2539 919 2602 vel
941 2539 1159 2621 quodeunque
1173 2537 1240 2609 hes

123 2645 176 2682 mo
205 2619 244 2682 ad
277 2645 370 2684 usum
399 2623 614 2684 necessarium
648 2623 682 2683 in
718 2630 874 2704 potestate
911 2619 1082 2699 hahuerit,
1119 2642 1227 2696 arma,

122 2713 262 2782 vestem,
282 2705 432 2766 utensilia
462 2706 642 2786 quaelibet,
679 2711 711 2764 et
739 2703 911 2784 pecuniam
938 2703 994 2762 alii
1018 2701 1059 2764 ad
1082 2700 1239 2774 auferens

123 2788 201 2848 dum
234 2788 426 2868 exposuerit.
467 2787 501 2849 Si
533 2785 608 2865 ille,
641 2786 699 2870 qui
727 2785 875 2864 abstulit,
900 2787 1002 2868 patria
1027 2781 1227 2866 profugerit,

124 2866 287 2948 expositor
303 2867 430 2929 tertiam
451 2869 632 2952 portionem
659 2867 897 2952 compositionis
927 2867 1089 2945 exsolvat,
1120 2875 1176 2928 aut
1199 2861 1241 2962 si,

123 2969 242 3030 negare
268 2949 426 3028 voluerit,
458 2951 569 3012 maiori
589 2953 642 3013 vel
668 2951 784 3013 minori
799 2960 1015 3032 sacramento,
1035 2956 1132 3031 prout
1152 2966 1241 3032 qua-s.

123 3031 196 3092 litas
215 3033 372 3114 pecuniae
399 3033 517 3110 fuerit,
548 3055 581 3096 se
614 3054 765 3096 excusare
795 3033 899 3100 debet.
941 3033 1069 3114 Siquis
1097 3031 1237 3106 abstulit,

123 3135 189 3174 non
209 3113 369 3196 profugit,
399 3116 562 3197 expositor
584 3136 644 3177 nec
666 3117 768 3194 iuret,
800 3137 861 3177 nec
882 3116 995 3193 solvat,
1025 3113 1243 3187 sedtautpnts

124 3195 309 3258 inimicitias
331 3206 438 3282 portet
459 3197 547 3276 eius,
578 3198 670 3260 cuius
684 3197 856 3281 pecuniam
880 3197 1021 3264 abstulit.

427 3345 516 3416 Tro.
543 3345 609 3416 III.
629 3347 695 3416 'De
732 3347 913 3418 Thiubda.

203 3474 229 3540 l.
271 3474 306 3536 Si
332 3473 451 3535 nobilis
470 3475 593 3535 furtum
615 3474 785 3555 quodlibet
807 3475 925 3537 dieitur
947 3481 1172 3558 perpetrasse,
1196 3483 1229 3538 et

123 3579 240 3641 negare
257 3557 415 3635 voluerit,
439 3578 512 3618 cum
537 3557 682 3639 quinque
704 3559 984 3619 sacramentalibus
1004 3561 1097 3624 iuret.
1208 3554 1212 3569 ⁸

206 3641 250 3705 tl.
290 3640 355 3701 Aut
375 3640 402 3702 si
422 3661 540 3723 negare
558 3661 621 3700 nou
645 3640 804 3721 potuerit,
827 3642 915 3720 quod
935 3641 1085 3717 abstulit,
1113 3639 1147 3698 in
1171 3639 1229 3699 ds-

121 3722 212 3803 plum
226 3722 390 3799 restituat,
416 3731 448 3783 et
469 3725 509 3784 ud
530 3730 652 3804 partem
672 3721 769 3804 Regis
789 3717 926 3785 Lxxxss
940 3724 1033 3788 solid.
1055 3743 1114 3806 pro
1135 3721 1229 3783 fredo

123 3807 311 3886 componat,
341 3805 403 3866 hoc
432 3813 497 3882 est,
526 3805 737 3884 weregildum
758 3827 860 3866 suum.
1235 3824 1240 3837 ¹

203 3887 265 3947 lll.
307 3887 342 3947 Si
368 3887 453 3946 liber
476 3886 557 3954 lorti
578 3897 746 3967 arguatur,
783 3897 816 3947 et
840 3887 957 3970 negare
976 3885 1136 3964 voluerit,
1171 3886 1240 3944 sua·

121 3977 212 4030 sexta
232 3989 345 4046 manu,
376 3991 450 4031 cum
471 3990 574 4050 aeque
592 3968 702 4030 liberis
722 3969 825 4048 iuret,
849 3982 902 4032 aut
922 3971 949 4032 si
974 3970 1136 4031 coufessus
1153 3966 1240 4025 tas-1

121 4051 165 4111 rit
184 4069 270 4128 rem,
295 4071 391 4131 quam
411 4051 556 4128 abstulit,
582 4051 615 4110 iu
641 4051 778 4134 duplum
792 4053 965 4134 restituat,
988 4064 1021 4118 et
1049 4049 1229 4134 adportent

120 4131 216 4214 Regis
238 4143 298 4214 pro
322 4133 415 4194 fredo
444 4133 655 4215 weregildum
679 4156 786 4201 suurn.v

123 4250 337 4266 *n—a-a—-u

191 4317 221 4389 d)
241 4316 318 4372 Lind.
338 4329 429 4391 quam.
