2826 4998
361 308 469 366 noeis
489 305 710 364 snicmns.
730 305 843 364 mvn.
1065 355 1068 367 .
1129 293 1177 367 63

90 477 135 517 nes
144 472 220 514 unns
233 449 272 513 ex
288 443 362 535 ipsis
380 449 569 512 interfectus
586 451 655 510 fue·
682 445 852 525 homines,
875 467 959 508 unus
976 469 1015 510 ex
1038 449 1177 534 ipsisin·

87 539 121 600 rit
145 543 197 611 a),
232 533 287 593 ille
319 532 375 614 qui
402 542 564 608 remanet,
599 540 653 592 aut
682 531 834 590 terfectus
852 530 967 607 fuerit,
989 530 1040 591 illi
1053 535 1109 614 qui
1124 557 1178 597 re.

86 640 171 680 unum
203 615 384 686 convictum
411 614 573 692 reddant,
599 625 654 675 aut
682 620 832 690 manent,
855 621 910 672 aut
925 633 1025 672 unum
1041 619 1175 679 convic-

87 721 179 763 omnes
200 699 308 759 mortis
333 698 421 757 illius
446 699 653 780 compositio·
682 704 749 755 tum
784 695 941 772 reddant,
982 706 1038 758 aut
1068 721 1178 764 omnes

87 807 147 846 nem
163 782 354 856 collectent,
375 799 457 861 qnae
478 780 532 840 lex
550 799 652 860 usque
682 775 890 839 mortisillius
910 780 1177 861 compositionem
1258 829 1260 838 .

87 867 118 926 nd
138 873 266 945 septem,
296 863 353 944 qni
373 862 495 921 fuerint
513 863 546 922 in
573 883 651 923 con·
682 859 883 921 coniectent:
901 862 1051 943 quaelex
1074 887 1177 947 usque

86 946 156 1012 titio
170 947 242 1026 illo,
265 944 421 1008 convenit
435 944 612 1006 observare.
683 941 723 1001 ad
747 951 885 1023 septem,
913 943 969 1026 qui
993 945 1116 1008 fuerint
1141 951 1176 1008 in

683 1024 835 1119 convivio
850 1024 927 1104 ilio,
949 1030 1103 1090 convenit
1123 1032 1178 1093 ob·

682 1127 814 1172 servan.

116 1197 152 1256 ΙΙ.
189 1195 222 1255 si
248 1213 326 1254 vero
357 1188 390 1249 in
416 1190 475 1251 illo
501 1189 653 1252 convivio
723 1190 766 1250 ll.
808 1187 841 1248 Si
857 1191 934 1248 ver'o
956 1188 989 1249 in
1016 1189 1074 1252 ilto
1095 1213 1175 1280 ooo-

84 1279 144 1362 plns
161 1298 250 1360 quam
275 1284 395 1356 septem
422 1274 564 1350 suerint,
588 1293 653 1333 non
682 1271 1088 1354 vivioplusqnnmseptem
1102 1277 1177 1337 fue-

86 1383 177 1422 omnes
209 1365 382 1419 teneantur
416 1355 566 1433 obnoxii,
597 1355 654 1416 sed
682 1355 768 1429 rint,
792 1373 855 1412 non
876 1374 985 1415 omnes
1003 1365 1178 1418 teneantur

86 1444 182 1525 quibus
193 1440 292 1502 fuerit
308 1439 515 1520 imputatum,
538 1431 654 1500 illiso·
683 1435 837 1510 obnoxii,
867 1436 923 1496 sed
941 1436 1059 1518 quihus
1079 1437 1178 1501 fuerit

86 1526 207 1586 cundum
225 1525 332 1604 legem
352 1530 555 1604 componant.
682 1519 890 1602 imputatum,
922 1519 971 1578 ilii
997 1523 1178 1584 secundum

100 1628 102 1634 ·
578 1631 580 1634 ·
682 1601 787 1683 legem
807 1611 1009 1682 componant.

117 1721 169 1784 ΙΙΙ.
206 1720 240 1781 Si
268 1718 341 1802 quis
363 1718 441 1782 foris
470 1741 558 1796 cose,
585 1718 653 1780 sive
723 1715 787 1781 lli,
830 1715 863 1776 Si
889 1715 960 1798 quis
985 1718 1064 1780 foris
1084 1742 1175 1804 oasa,

83 1805 137 1868 it'er
153 1825 261 1886 agens,
291 1801 359 1865 sive
382 1803 415 1861 in
439 1822 514 1884 egro
532 1803 653 1883 positus
682 1799 749 1861 sive
766 1799 829 1860 iter
844 1819 959 1880 agens,
981 1821 1038 1862 seu
1051 1801 1084 1862 in
1098 1827 1175 1886 agro

83 1910 100 1946 a
119 1885 318 1947 contubernio
337 1885 438 1946 fuerit
460 1883 599 1961 occisus,
622 1892 654 1944 et
681 1881 818 1964 positus,
842 1904 859 1940 a
876 1883 1089 1946 contubernio
1107 1890 1177 1948 fue-

82 1979 138 2030 tres
150 1971 197 2031 vel
214 1967 350 2047 amplius
367 1966 526 2043 habuerit,
546 1970 653 2042 (nens.
681 1965 724 2024 rit
743 1964 882 2040 occisus,
905 1973 938 2025 et
956 1975 1020 2028 tres
1038 1967 1092 2028 vel
1108 1991 1176 2028 em-

80 2053 203 2111 Drucizte
223 2051 326 2124 lidio)
351 2048 414 2111 hoo
437 2059 502 2126 est,
534 2058 567 2108 et
589 2058 652 2110 tres
681 2046 766 2130 plius
788 2045 936 2108 habuerit
954 2049 1080 2130 plagas,
1110 2060 1176 2113 tres

80 2134 116 2198 de
142 2132 247 2194 eodem
271 2132 486 2194 contubernio
513 2130 653 2210 convicti
682 2130 721 2190 de
736 2129 850 2189 eodem
867 2130 1098 2212 contubernio,
1117 2134 1176 2217 qui

78 2214 204 2292 fuerint,
225 2215 414 2297 singillatim
433 2214 542 2275 mortis
564 2212 653 2273 iliius
681 2211 822 2272 convicti
839 2212 971 2290 suerint,
986 2213 1176 2296 singillatim

79 2298 328 2378 compositionem
366 2304 579 2380 componant,
622 2303 654 2356 et
680 2295 790 2354 mortis
810 2294 898 2354 illins
910 2297 1175 2378 compositionem
1231 2301 1234 2310 ’

79 2388 134 2452 ties
164 2379 217 2439 atii
255 2381 294 2442 de
328 2379 397 2460 ipso
438 2377 652 2440 contubernio
680 2385 894 2460 componant,
918 2387 949 2438 et
971 2388 1035 2438 tres
1057 2380 1113 2440 alii
1134 2383 1174 2444 de

77 2461 165 2532 MCC.
178 2462 318 2545 den.qui
337 2463 463 2523 faciunt
478 2460 652 2529 sotxxx.
680 2459 748 2542 ipso
768 2458 981 2520 contubernio
1002 2460 1082 2528 ICC.
1100 2464 1172 2526 den.
1276 2467 1280 2475 '

78 2544 288 2626 unusquisqne
320 2545 451 2606 illorum
483 2541 652 2626 culpabilis
680 2541 1174 2621 quisaciuntsol.XXX.nnus-

76 2623 233 2690 iudicetur.
257 2649 259 2656 ’
275 2628 317 2687 Et
336 2637 400 2688 tres
417 2627 472 2686 alii
489 2623 594 2686 edhuc
613 2625 652 2685 de
681 2623 818 2705 quisque
845 2621 976 2684 illorum
1004 2624 1174 2707 culpabilis

76 2705 136 2788 ipso
159 2709 389 2788 contubernio,
411 2712 478 2770 DC.
501 2708 574 2768 den.
596 2706 652 2788 qui
682 2705 853 2768 iudicetur.
900 2706 942 2766 Et
972 2714 1036 2765 tres
1069 2708 1175 2770 adhuc

75 2789 188 2851 faciunt
209 2793 267 2853 sol.
296 2792 372 2854 XV.
401 2791 571 2874 culpabilis
601 2790 653 2856 iu-,
682 2788 737 2846 alii
768 2787 807 2848 de
841 2786 908 2870 ipso
937 2785 1187 2869 contubernio,

77 2870 200 2938 dicetur.
680 2867 747 2930 DC.
774 2870 846 2930 den.
882 2869 938 2951 qni
965 2869 1090 2932 faciunt
1115 2875 1175 2935 sol.

681 2949 755 3014 XV.
764 2950 882 3034 singuli
894 2973 1005 3014 eorum
1013 2953 1099 3040 culp.
1108 2948 1176 3022 int

75 3197 154 3275 ΤΙΤ,
178 3198 339 3276 XLVIL
388 3199 446 3271 De
475 3202 532 3272 Re
555 3201 652 3294 Ipus.
683 3128 772 3199 ΤΙΤ.
800 3129 955 3322 ΧΙΙιέζΙ.ὁ
966 3131 1047 3327 >De
1070 3137 1177 3230 reip.

106 3362 131 3424 Ι.
171 3364 278 3444 si‚ut
300 3364 370 3426 fieri
394 3365 533 3440 adsolet,
556 3365 652 3428 homo
722 3369 746 3429 1.
789 3371 822 3431 Si
836 3374 906 3455 quis
924 3373 1020 3438 homo
1032 3378 1173 3442 moriens

74 3446 223 3524 moriens,
250 3447 381 3508 viduam
411 3449 589 3520 dimiserit,
622 3459 653 3510 et
681 3450 810 3514 viduam
839 3457 1013 3536 dimiserit,
1043 3471 1076 3524 et
1103 3483 1174 3522 eam

75 3530 221 3610 sanquis
246 3530 279 3593 in
303 3530 491 3612 coniugium
512 3531 653 3594 voluerit
675 3534 753 3615 quis
771 3529 811 3596 in¹
826 3540 1012 3620 coniugium
1033 3545 1175 3606 voluerit

76 3610 230 3693 accipere,
259 3620 430 3694 antequam
465 3636 534 3675 eom
566 3614 651 3695 aeci·
680 3615 851 3699 accipere,
894 3633 1066 3703 antequam
1103 3648 1174 3688 eam

74 3692 127 3767 piat
150 3695 321 3776 Tunginus
355 3705 409 3755 aut
437 3694 659 3758 centenarius.
679 3699 832 3780 accipiat,
854 3703 1025 3784 Tunginus
1053 3716 1092 3780 c)
1117 3720 1173 3770 aut

74 3773 368 3853 Mallumindicent,
382 3779 457 3838 etin
474 3779 542 3861 ipso
552 3779 650 3840 Mallo
680 3782 890 3845 centenarius
916 3785 1050 3844 MnHum
1084 3788 1172 3850 indi-

74 3869 187 3918 scutum
202 3859 320 3920 hahere
338 3860 448 3940 dehet,
468 3873 501 3924 et
513 3871 576 3924 ties
589 3861 650 3922 ho·
679 3873 754 3924 cent
761 3909 770 3944 ,
794 3865 874 3926 etin
894 3866 969 3950 ipso
980 3869 1079 3931 Mello
1096 3893 1170 3932 sou-
1226 3919 1229 3922 -

74 4029 480 4054 -ᾑ--ι-Ψι-ῌ-

130 4112 162 4176 α)
180 4113 213 4165 In
230 4133 311 4183 marg.
332 4132 410 4179 niu.
431 4117 484 4168 Seo
504 4116 586 4170 laude
601 4116 735 4173 esthadio.
788 4121 890 4186 &Est
911 4105 952 4176 De
971 4125 1049 4194 reipu
1067 4124 1177 4184 viduae,

73 4181 192 4238 mulieris.
228 4187 513 4258 Baluz.neseipp1is.
570 4189 656 4241 Gloss.
677 4189 718 4244 De
737 4193 907 4261 sponsalitiis
918 4192 1070 4249 viduarum.
1143 4204 1173 4262 c)
1237 4245 1242 4258 ,,

74 4247 151 4310 Gloss.
169 4252 256 4308 ludex
272 4259 321 4329 qui
331 4269 393 4328 post
411 4260 536 4314 ¹comitem
555 4270 601 4312 est.
1119 4295 1121 4302 ,
