2906 5008
362 256 467 314 neoris
490 253 764 335 cumanorum
787 255 857 310 rrr.
885 254 1013 332 exvru.
1159 238 1236 326 aa

127 399 195 476 rit,
225 416 301 461 cum
321 395 493 462 duodecim
513 393 629 462 aolidie-
646 404 824 480 componat.
866 395 901 460 si
922 405 1027 480 autem
1048 395 1171 484 duabur
1191 397 1238 462 ri-

131 481 246 557 cibus,
269 477 427 545 similiter.
461 491 464 498 '
1205 549 1218 560 .,

219 559 347 626 XXXI.
395 561 430 623 δί
457 558 531 644 quie
557 561 591 622 in
620 559 772 644 geniculo
800 568 1025 648 transpunctus
1058 562 1159 644 fuerit
1185 571 1242 625 aut

130 648 299 733 plagatus,
321 641 366 706 ita
387 646 425 705 ut
443 644 578 708 claudun
600 649 636 718 a)
656 652 861 725 permaneat,
884 654 920 706 ut
940 666 997 728 poa
1018 645 1087 707 ciue
1106 665 1160 706 ros
1175 653 1243 713 tan·

133 739 210 814 gat,
230 725 319 812 quod
338 726 509 788 Alamanni
540 725 690 810 tautragil
707 727 741 804 b)
762 723 893 806 dicunt,
915 735 997 792 cum'
1010 727 1181 790 duodecim
1193 750 1242 791 co·
1269 806 1272 815 Ι

127 811 217 882 ,Ιὶἀίε
237 831 307 874 cour
332 819 417 872 cnut.

221 890 289 958 XX
325 889 366 958 II.
414 891 449 954 Si
478 888 559 952 tibia
583 887 695 954 cubtue
728 888 880 974 geniculo
901 897 1107 976 transpuncta
1127 891 1244 971 fuerit,
1330 930 1333 940 ι

140 998 219 1044 cum
239 974 342 1038 tribuo
363 965 675 1056 uolidiecomponat.

133 1117 136 1122 .
224 1056 371 1122 XXXIII.
412 1053 449 1120 si
469 1053 584 1118 autem
598 1052 752 1119 articulus
772 1054 862 1142 prior
882 1054 1021 1121 ebroicae
1039 1055 1155 1136 luerit,
1172 1077 1246 1120 oum

147 1164 207 1208 aex
228 1138 340 1204 solidis
361 1145 542 1218 componat.
1187 1155 1190 1162 ·

224 1220 383 1291 XXXIV.
424 1218 480 1282 Illi
500 1227 607 1282 autern
627 1218 684 1283 alii
703 1217 832 1284 articuli
851 1220 879 1286 ei
899 1221 1013 1286 abscisi
1034 1220 1156 1285 luerint
1175 1221 1247 1303 toti,

145 1305 369 1451 unusquisque
391 1323 466 1366 oum
485 1301 588 1368 tribua
609 1301 721 1367 eolidie
741 1313 962 1451 componatur.

258 1385 360 1448 XXV.
401 1386 436 1448 si
458 1377 560 1448 totum
580 1385 697 1469 pedem
717 1385 801 1448 abaci
827 1387 910 1468 erit,
944 1387 1156 1486 quadraginta
1177 1385 1251 1452 uoli-
1296 1375 1298 1382 ¹

145 1467 205 1539 doe
225 1474 405 1552 componat.
444 1466 483 1530 δί
503 1487 521 1528 a
542 1467 705 1552 genuculo
725 1467 866 1532 abscisae
879 1471 995 1552 luent,
1018 1472 1252 1558 quinquaginta

151 1553 265 1620 solidis
287 1573 359 1614 com
382 1559 509 1617 ocatur.
600 1605 630 1613 ,,

226 1573 380 1700 XXXVI?
419 1631 455 1694 Si
475 1640 581 1696 autem
602 1653 621 1694 u
641 1653 723 1698 coxa
739 1655 866 1700 curcum
886 1634 1007 1700 abscisa
1026 1635 1135 1716 fucrit,
1157 1646 1191 1700 et
1203 1636 1252 1698 iu»

149 1719 193 1785 (lo
215 1716 354 1794 vixerit,
375 1714 560 1812 octuaginta
580 1714 692 1778 solidis
713 1727 933 1802 componatur.
1063 1780 1066 1786 ,

137 1797 144 1888 ζ
230 1795 401 1864 XXXVII.
451 1797 487 1859 Sr
513 1805 621 1860 autem
641 1797 759 1882 aliquia
789 1800 852 1863 alio
873 1799 1020 1864 herniam
1049 1802 1254 1887 expraetori),

150 1907 225 1950 cum
247 1881 347 1946 tribue
368 1879 480 1944 solidis
502 1889 683 1964 componat.

148 2020 238 2092 Tru.
255 2015 394 2090 nxvl.
417 2009 511 2112 (67.)
526 2015 586 2087 Dc
601 2037 646 2086 eo
664 2017 726 2110 qui
741 2014 846 2088 alte'ri
863 2018 959 2091 viam
981 2019 1251 2092 contradixerit.

231 2138 360 2238 Siquis
381 2135 466 2222 liber
487 2135 590 2200 libero
618 2138 652 2199 iu
675 2137 728 2201 via
750 2159 863 2201 manue
884 2138 1052 2217 iniecerit,
1080 2149 1114 2204 et
1141 2149 1257 2207 contra

145 2223 255 2308 legem
277 2245 308 2284 er
331 2220 417 2286 viam
437 2219 680 2298 contradixerit,
703 2231 760 2284 aut
780 2221 904 2303 aliquid
923 2222 953 2283 ei
967 2222 1083 2286 tollore
1103 2222 1257 2301 voluerit,

149 2317 185 2376 et
205 2303 289 2370 nihil
306 2303 409 2380 tollit,
432 2324 507 2365 cum
527 2325 585 2368 rex
605 2302 717 2367 solidis
738 2313 917 2384 componat.
958 2305 1049 2370 Etai
1069 2304 1194 2388 aliquid
1210 2313 1258 2372 tu·

150 2381 364 2472 degradatur,
397 2393 524 2450 etcum
543 2385 716 2448 duodecim
734 2385 845 2448 solidis
867 2395 1046 2470 componat

152 2493 547 2595 Trr.1.xV11.(68.)
592 2498 650 2617 Ile
684 2523 728 2569 eo
755 2499 817 2667 qpi
850 2497 1005 2570 alterum
1039 2499 1084 2568 de
1118 2499 1258 2572 caballo

215 2609 240 2636 '⁴
604 2610 800 2670 ructaverr.

235 2711 273 2782 Si
292 2719 365 2803 quic
384 2715 469 2782 liber
487 2716 627 2782 liberum
647 2716 682 2778 in
703 2716 816 2786 riade
838 2715 961 2781 caballo
979 2715 1159 2798 iactaverit,
1183 2725 1216 2778 et
1229 2716 1259 2780 ci

144 2802 288 2880 talah,
309 2811 342 2864 ot
362 2822 429 2864 non
451 2793 557 2864 statim
578 2821 652 2862 eum
671 2799 780 2862 reddit
801 2799 834 2862 in
857 2800 925 2883 ipro
946 2799 1040 2877 loco,
1062 2797 1156 2860 addat
1179 2804 1207 2876 c)
1228 2798 1259 2860 ei

153 2883 372 2962 coneimilem,
402 2893 435 2952 at
455 2881 627 2948 duodecim
647 2881 777 2945 solidor.
817 2884 904 2944 Haec
924 2881 1027 2944 omnia
1057 2881 1259 2964 compositio,

152 2988 251 3052 quarn
269 2965 347 3030 viria
376 2964 608 3045 iudicavimus,
642 2963 772 3032 seminia
806 2986 917 3030 corum
946 2964 1054 3026 omnia
1084 2963 1260 3049 dupliciter

152 3059 397 3135 componantur.
419 3059 422 3066 ’
988 3085 989 3090 1

153 3181 243 3256 ΤΠ.
269 3181 446 3255 LXVIII.
471 3176 569 3278 (69.)
593 3181 650 3252 De
675 3180 795 3252 libero
812 3182 873 3276 qni
889 3182 1047 3252 liberum
1073 3183 1258 3257 occiderit.

235 3299 263 3367 1.
305 3300 341 3364 si
363 3298 436 3383 quic
457 3308 564 3364 autam
593 3300 678 3362 liber
708 3299 846 3366 liberum
880 3301 1055 3382 occiderit,
1078 3312 1259 3388 ¹componat

154 3402 226 3445 eum
244 3379 296 3444 bit
316 3382 501 3464 octuaginta
522 3380 635 3445 sclidit
655 3381 730 3444 filiis
750 3382 825 3446 ruit.

238 3463 283 3528 11.
323 3465 358 3526 si
380 3472 487 3527 autem
507 3464 591 3527 tilios
611 3486 677 3526 non
697 3465 854 3548 reliquit,
896 3488 956 3530 neo
977 3467 1112 3532 heredes
1133 3469 1258 3546 habuit,

154 3549 257 3614 solvat
277 3567 352 3610 oum
373 3546 521 3612 ducentia
548 3547 678 3619 solidis..
1220 3553 1249 3624 Ὺ

155 3693 159 3698 ,
236 3629 294 3693 111.
327 3629 477 3693 Feminae
496 3639 605 3692 antem
618 3650 730 3693 eorum
742 3651 867 3713 comper
879 3632 913 3694 in
929 3632 1065 3718 duplum
1078 3640 1258 3714 componat.

233 3709 293 3774 lv.
334 3711 462 3774 Medius
482 3710 562 3775 vcro
580 3712 779 3776 Alamannus
798 3715 826 3777 ei
848 3715 971 3778 occiana
992 3716 1110 3791 fuerit,
1133 3715 1259 3778 duceu-

150 3795 191 3856 tie
211 3792 324 3856 uolidia
345 3795 448 3880 uoluat
468 3810 544 3858 enm
563 3794 749 3882 parentibus
770 3797 828 3880 qui
850 3818 924 3862 cunr
949 3793 1115 3863 occiderit.

152 4061 157 4122 s
223 4074 253 4144 a)
269 4074 395 4128 Corbiou.
415 4075 535 4146 cloppos.
608 4076 635 4146 b)
662 4075 785 4133 schilter.
813 4079 954 4148 toamegr'l.
1034 4080 1060 4152 c)
1085 4079 1131 4134 sic
1148 4077 1261 4135 uentu.
1362 4094 1366 4101 ·

154 4142 284 4202 Sthilter.
301 4146 473 4216 jactaverit,
489 4158 518 4198 et
534 4146 563 4199 ci
577 4147 673 4198 rtatim
689 4144 805 4208 reddat,
832 4160 858 4198 rt
876 4151 907 4198 in
931 4151 990 4217 ipro
1008 4148 1069 4205 lucc
1095 4147 1183 4206 addat
1208 4159 1258 4210 etc.

157 4212 233 4267 eliae
251 4213 335 4270 Editt
350 4216 520 4287 jactaverit,
538 4227 565 4272 et
582 4217 610 4270 aa·
627 4217 741 4278 tulerit,
762 4229 790 4270 ec
806 4218 899 4272 suarim
917 4230 968 4274 ato.
1015 4221 1032 4243 ’¹
1168 4284 1171 4294 .
1214 4217 1252 4246 a
