2900 5020
184 229 261 325 850
577 257 954 348 aaxnnaaunmonun

185 433 254 478 sam
276 406 385 486 babet,
406 404 627 490 praesentibus
644 406 777 469 testibus
799 406 1020 489 admonuerit,
1041 408 1191 496 pignora,
1216 431 1318 494 quae

185 494 302 560 tollere
323 488 581 574 praesumpserit,
602 490 637 549 in
660 491 760 573 duplo
785 490 941 552 restituat.

270 574 365 639 Vlll.
407 571 603 652 Quicunque
623 573 819 655 mancipium
837 574 979 634 alienum
1000 575 1040 638 de
1061 573 1196 638 Francis
1217 597 1320 636 com-

187 656 361 748 paraverit,
384 654 518 717 testibus
540 654 666 716 idoneis
681 653 761 718 haec
778 655 945 737 adprobet,
968 670 1124 740 qnantum
1148 666 1180 719 et
1200 661 1319 740 quale

187 742 330 829 pretium
349 737 491 814 dederit,
514 747 546 798 et
558 736 621 798 hoc
641 746 736 799 testes
748 738 798 798 illi
818 739 912 799 iurati
929 740 1059 807 dicant:
1091 741 1188 802 Nobis
1212 763 1320 824 prae·

188 824 335 890 sentibus
353 819 494 905 pretium
518 820 593 881 dare
617 819 781 884 vidimust
810 821 867 883 sed
896 842 956 884 nec
983 824 1060 901 ille,
1091 825 1148 906 qui
1170 823 1320 884 manci·
1432 875 1433 886 ,

189 909 281 1004 pium
302 902 515 1046 comparavit,
542 901 643 962 ullam
665 903 812 966 fraudem
838 913 893 964 aut
913 906 1104 967 conludium
1129 929 1205 966 cum
1247 906 1319 965 ini·

189 988 283 1052 micis
305 986 395 1049 leci.
449 984 546 1063 Quod
570 983 596 1044 si
622 993 719 1046 testes
746 985 855 1046 idonei
883 971 993 1048 salite‘r
1019 998 1221 1049 sacramenta
1256 990 1320 1048 de-

189 1071 318 1150 derint,
345 1077 502 1152 quantum
521 1065 663 1148 pretium
688 1067 797 1146 dedit,
830 1077 954 1129 tantum
975 1070 1029 1132 hic
1050 1070 1205 1153 recipiatz
1244 1091 1316 1130 nec

188 1165 317 1241 pastum
335 1150 495 1236 requirat,
518 1159 551 1212 et
560 1147 767 1233 mancipium,
790 1149 882 1213 cuins
898 1153 1014 1233 fuerat,
1037 1154 1106 1215 siae
1119 1173 1213 1213 mora
1230 1153 1318 1214 red⁵

189 1239 298 1302 detur.

271 1315 332 1380 lx.
374 1315 439 1377 Sed
463 1313 490 1376 si
513 1313 554 1376 de
574 1333 610 1375 re
632 1312 671 1374 de
690 1311 867 1377 heredibus
895 1315 1031 1399 singulis
1062 1326 1195 1396 statuta,
1233 1315 1316 1398 qui·

188 1422 324 1483 cunque
355 1409 467 1460 contra
496 1396 581 1457 hanc
612 1394 839 1457 diffinitionem
865 1399 987 1470 venire,
1012 1402 1207 1478 tentaverit,
1246 1422 1315 1482 pro

189 1483 331 1568 singulis
357 1481 476 1545 caussis
500 1478 668 1542 duodenos
690 1479 810 1542 solidos
831 1481 969 1544 mulctae
991 1483 1119 1545 nomine
1142 1507 1176 1547 se
1199 1502 1316 1546 nove·

193 1568 237 1631 rit
260 1567 303 1627 ian
329 1565 406 1630 lere.

275 1588 325 1710 Xl)
359 1645 449 1709 Illud
469 1643 654 1728 specialiter
681 1645 935 1728 praecipientes,
966 1654 1003 1707 nt
1031 1669 1142 1710 omnes
1167 1647 1314 1710 comites

194 1741 260 1793 tam
277 1728 546 1812 Burgundionum
569 1748 662 1808 quam
685 1727 912 1804 Romanorum,
935 1727 969 1787 in
992 1733 1140 1792 omnibus
1168 1731 1315 1792 iudiciis

193 1813 348 1876 iustitiam
358 1820 505 1872 teneant:
522 1809 632 1887 inhos,
647 1808 703 1890 qni
714 1809 898 1871 violentiam
911 1812 1053 1893 fortasse,
1067 1826 1314 1897 superventum

194 1898 247 1960 vel
269 1894 440 1978 quodlibet
459 1893 581 1954 crimen
608 1891 815 1971 admiserint,
843 1895 888 1954 ita
909 1895 1036 1957 fortiter
1057 1901 1237 1980 stringant,
1277 1905 1313 1958 et

194 1979 383 2051 vindicent,
413 1977 501 2056 quod
530 1975 641 2035 nullas
673 1975 755 2035 intra
783 1998 918 2060 regnum
944 1986 1090 2040 nostrum
1117 1989 1312 2061 praesumat

194 2062 374 2126 admittere.
416 2061 536 2119 Omnes
565 2057 698 2117 omnino
723 2080 847 2121 caussas
868 2081 907 2120 ex
931 2059 1055 2142 legibus
1079 2062 1245 2141 iudicent,
1272 2073 1311 2124 ut

195 2143 337 2206 institiae
365 2141 444 2202 ordo
470 2148 630 2216 teneatur,
653 2140 737 2200 sicut
757 2142 812 2202 lex
830 2151 1001 2224 parentum
1022 2155 1205 2205 nostrorum
1227 2167 1311 2206 con-

195 2227 287 2290 tinet.
327 2225 406 2284 Nam
430 2223 498 2283 lieri
530 2223 697 2284 manifeste
722 2225 927 2306 cognovimus
947 2224 987 2287 de
1009 2227 1142 2290 diversis
1167 2228 1307 2288 sceleri·

193 2309 254 2372 bus
277 2305 526 2388 compositiones
549 2305 635 2382 inter
654 2315 802 2386 parentes
824 2315 948 2368 nostros
968 2310 1078 2371 tacite:
1104 2320 1135 2371 et
1155 2319 1191 2371 ut
1211 2332 1307 2370 cans-

193 2412 248 2454 sae
270 2389 393 2472 legibus
414 2409 478 2450 nou
506 2387 709 2466 iudicantur,
731 2388 774 2447 ita
796 2388 909 2470 populi
931 2390 1100 2454 violentias
1128 2402 1182 2453 aut
1210 2392 1305 2453 simi-

195 2474 240 2535 lia
259 2481 470 2556 praesumunt
497 2470 675 2533 admittere.
725 2470 852 2554 Siquis
878 2473 1123 2554 compositiones
1147 2476 1192 2536 ita
1210 2475 1306 2536 face-

193 2577 231 2617 re
252 2553 510 2639 praesumpserit,
533 2561 566 2612 et
587 2550 659 2633 lege
678 2571 826 2636 expressa
843 2553 986 2616 iudicare
1001 2557 1175 2636 distulerit,
1196 2559 1305 2618 mulc-

194 2648 260 2700 tam
284 2659 316 2699 se
339 2637 464 2699 noverit
485 2634 672 2695 inlaturum.

280 2718 341 2782 XI.
381 2723 430 2780 De
452 2717 601 2778 Romanis
622 2737 699 2777 vero
721 2715 784 2778 hoc
810 2717 1046 2800 ordinavimus,
1077 2733 1112 2783 nt
1138 2743 1203 2783 non
1231 2744 1304 2786 am·

195 2802 283 2890 plius
306 2823 324 2862 a
350 2799 653 2882 Burgundionibus,
687 2799 745 2881 qui
769 2800 853 2860 infra
887 2813 1068 2882 venerunt,
1096 2805 1302 2886 requiratur,

196 2907 296 2970 qnam
321 2886 532 2967 adpraesens
557 2881 726 2942 necessitas
749 2883 870 2961 fuerit,
892 2883 1044 2947 medietas
1074 2896 1188 2953 terrae.
1230 2889 1303 2950 Alia

197 2989 276 3032 vero
299 2966 452 3028 medietas
477 2986 551 3025 cam
572 2962 757 3046 integritate
787 2965 1023 3048 mancipiorum
1042 2991 1060 3028 a
1079 2970 1231 3036 Romanis
1251 2981 1301 3033 te*

201 3059 333 3113 neatar:
356 3069 416 3110 nec
439 3045 556 3108 exinde
579 3046 678 3106 ullam
700 3047 890 3109 violentiam
908 3049 1080 3130 patiantur.
1206 3063 1210 3066 ’

282 3130 360 3197 XII.
400 3133 572 3194 Praeterea
592 3128 746 3193 ecclesiae
768 3138 822 3190 ant
841 3131 1020 3197 sacerdotes
1042 3135 1076 3195 in
1098 3135 1192 3198 nullo
1213 3134 1302 3220 peni·

199 3224 252 3278 tus
274 3221 531 3276 contemnantur.

283 3297 371 3359 XlIl.
412 3295 609 3376 Quicunque
631 3293 772 3377 aliquem
795 3294 903 3357 locum
929 3285 1167 3363 munificentiae
1193 3311 1299 3385 petere
1326 3367 1327 3370 Ἴ

201 3379 355 3454 voluerit,
377 3399 451 3438 carn
463 3377 566 3438 literis
576 3376 700 3438 comitis
711 3377 761 3438 sui
772 3379 889 3456 veniat,
911 3390 943 3440 et
953 3383 1130 3446 consiliarii
1144 3394 1198 3445 aut
1208 3385 1301 3446 maio·

202 3481 254 3525 res
277 3461 389 3522 domus
406 3459 462 3541 qui
476 3469 660 3542 praesentes
675 3459 817 3544 fuerint,
845 3460 926 3543 ipsas
943 3464 1051 3526 literas
1067 3466 1190 3530 comitis
1204 3468 1301 3551 ipsius

204 3544 381 3626 accipiant:
403 3553 435 3603 et
454 3564 526 3603 suas
545 3540 652 3602 literas
670 3563 711 3603 ex
737 3552 844 3604 nostra
868 3544 1071 3608 ordinatione
1092 3549 1132 3610 ad
1153 3550 1226 3614 illos
1253 3550 1299 3607 iu·

204 3627 292 3690 dices
313 3623 450 3701 iaciant,
472 3624 565 3685 cuins
588 3623 752 3684 territorio
780 3643 832 3686 res
855 3624 913 3685 illa
938 3636 1085 3690 tenetur:
1113 3641 1145 3692 et
1171 3631 1232 3692 hac
1253 3629 1297 3689 eis

203 3708 392 3788 concedant,
406 3717 441 3770 nt
456 3707 631 3792 diligenter
646 3706 822 3789 requirant,
835 3706 862 3770 si
875 3707 945 3772 sine
961 3721 1094 3796 peccato
1109 3713 1178 3796 dari
1190 3721 1297 3800 potest.
