2906 5008
399 321 890 380 nso-1snmnnnnoncnr1r.
910 323 963 378 tn
1163 307 1235 384 215

133 463 268 542 tulerit,
303 483 420 526 novem
445 459 628 545 weregildis
662 461 830 541 restituat,
858 471 995 528 et'cnm
1026 468 1247 552 quadraginta·

132 547 243 610 solidis
260 557 443 628 componat.

216 630 259 694 ΙΙ.
300 631 467 688 Feminam
491 638 693 691 autemeam
717 629 901 710 octuaginta
918 629 1028 692 solidis
1052 644 1240 717 componat,

134 713 160 782 si
177 734 246 774 eam
264 711 433 776 effodierit.

215 796 273 859 Ill.
294 796 356 854 Res
378 803 483 854 autem
509 817 587 876 quas
608 794 702 872 tulit,
723 793 807 854 sicut
829 793 964 855 furtivas
991 807 1170 880 componat.

216 879 274 942 lv.
316 875 349 935 Si
372 898 501 938 servum
527 877 685 938 effodierit
708 876 747 935 de
773 888 878 955 terre,
901 897 976 936 cum
998 879 1168 944 duodecim
1187 905 1241 944 so-

130 959 208 1022 lidis
233 968 425 1042 componat,
453 970 484 1022 et
507 961 657 1021 ancillam
683 958 840 1020 similiter.

132 1074 229 1154 Tru
249 1077 314 1151 LI.
340 1073 448 1172 (52.)
497 1077 556 1149 De
581 1078 699 1146 libero
721 1077 783 1168 qui
803 1077 954 1147 alterius
976 1103 1129 1152 uxorem
1157 1107 1242 1154 con·

501 1187 558 1244 tra
583 1177 699 1268 legem
725 1176 861 1246 tulerit.

141 1315 145 1330 ¹
213 1309 240 1367 Ι.
282 1303 316 1366 Si
338 1305 410 1388 quis
433 1306 517 1368 liber
539 1326 675 1366 uxorem
695 1305 826 1367 alterius
855 1315 965 1366 contra
989 1307 1094 1390 legem
1110 1310 1239 1390 tulerit,

131 1387 246 1448 reddat
261 1401 349 1464 eam',
372 1399 404 1451 et
425 1411 498 1449 cum
517 1389 702 1471 octuaginta
721 1388 833 1449 solidis
854 1399 1034 1470 componat,
1076 1391 1111 1451 si
1134 1403 1240 1454 autem

131 1471 268 1530 reddere
292 1472 455 1550 noluerit,
479 1493 552 1532 curn
574 1471 817 1554 quadringentis
837 1470 947 1531 solidis
970 1483 1141 1556 componat
1163 1497 1241 1537 earn.

133 1553 177 1613 Et
198 1553 278 1622 hoc,
301 1552 325 1612 si
348 1555 479 1616 maritus
507 1554 595 1634 prior
614 1554 763 1618 voluerit,
803 1554 845 1613 Et
867 1553 893 1614 si
916 1563 1009 1614 antea
1027 1565 1153 1616 mortua
1173 1559 1242 1619 fue-

132 1634 177 1694 rit
193 1655 287 1716 quam
307 1637 439 1698 maritus
460 1659 530 1698 eam
549 1636 741 1718 quaesierit,
765 1656 839 1695 cnm
860 1635 1103 1719 quadringentis
1129 1640 1243 1704 solidis

133 1726 314 1799 componat.
978 1758 980 1765 ·

217 1805 243 1864 I.
286 1800 320 1859 Si
339 1799 657 1881 autemilleraptor,
686 1799 743 1882 qui
771 1822 840 1860 eam
862 1799 986 1882 accepit
1009 1802 1069 1862 sihi
1093 1823 1238 1882 uxorem,

133 1905 174 1944 ex
195 1903 231 1942 ea
251 1881 333 1943 filios
358 1892 412 1942 aut
435 1882 515 1942 filias
537 1893 709 1964 antequam
732 1884 852 1959 solvat,
879 1882 1045 1962 habuerit,
1076 1894 1108 1945 et
1129 1885 1185 1947 ille
1206 1888 1241 1946 li-

132 1965 198 2026 lius
222 1974 366 2026 mortuus
388 1965 488 2024 fuerit
508 1987 527 2023 ιι
529 1974 567 2043 J,
590 1967 630 2024 ad
655 1965 749 2024 illum
773 1965 943 2045 pristinum
969 1967 1117 2026 maritum
1142 1969 1237 2030 illum

133 2049 236 2107 fitium
257 2069 329 2106 cum
349 2047 524 2128 weregildo
554 2052 593 2116 v]
616 2047 725 2128 solvat.
775 2047 810 2107 Si
834 2058 939 2108 etitem
963 2049 1029 2110 vivi
1055 2059 1147 2128 sunt,
1172 2075 1238 2120 non

133 2131 200 2191 sint
216 2129 304 2190 illius
326 2131 381 2212 qni
410 2151 463 2190 eos
490 2129 621 2212 genuit,
648 2129 704 2189 sed
733 2129 773 2190 ad
799 2131 894 2189 illum
921 2132 1064 2212 priorem
1089 2135 1240 2196 maritum

136 2213 272 2272 mundio
310 2212 479 2293 pertineat.

134 2332 225 2401 Tru.
238 2330 318 2399 LII.
340 2335 450 2412 (53.)
500 2330 559 2399 De
578 2353 621 2398 eo
632 2329 694 2422 qui
705 2354 869 2424 sponsam
884 2331 1033 2400 alterius
1048 2291 1238 2426 acceperit,

217 2458 243 2523 Ι.
285 2458 319 2516 Si
351 2458 423 2539 quis
455 2480 602 2539 sponsam
633 2457 764 2518 alterius
793 2466 903 2517 contra
931 2457 1036 2541 legem
1061 2461 1239 2545 acceperit,

132 2541 248 2603 reddat
268 2563 354 2617 eam,
378 2549 504 2600 etcum
527 2541 674 2603 ducentis
695 2539 805 2607 solidis
833 2551 1013 2621 componat.
1156 2543 1158 2546 ’

219 2626 258 2689 ll.
301 2624 332 2684 Si
355 2632 459 2682 autem
486 2623 621 2684 reddere
653 2623 814 2698 noluerit,
845 2624 948 2684 solvat
969 2645 1039 2684 eam
1066 2646 1140 2684 cum
1162 2645 1241 2708 qua·

135 2706 314 2786 dringentis
334 2706 467 2783 solidis,
490 2706 585 2766 etiam
607 2705 634 2765 si
651 2715 774 2766 mortua
793 2705 893 2790 fuerit
914 2704 976 2764 sub
998 2727 1046 2770 eo.
1068 2715 1124 2780 w)

133 2826 224 2896 TIT.
251 2823 352 2894 LIII.
379 2823 490 2918 (54.)
540 2824 683 2916 Siquis
714 2847 881 2914 sponsam
908 2847 1008 2892 suem
1032 2825 1236 2915 dimiserit,

513 2934 549 2990 et
582 2923 687 2991 aliam
717 2922 874 2997 duxerit.

216 3050 249 3110 Si
270 3050 341 3132 quis
361 3049 459 3109 filiam
481 3047 618 3108 alienam
647 3049 865 3132 desponsatam
894 3045 1067 3127 dimiserit,
1091 3057 1123 3110 et
1144 3051 1238 3112 aliam

134 3134 284 3209 duxerit,
308 3141 477 3213 componat
498 3153 567 3190 eam
596 3154 692 3212 quam
725 3131 929 3211 desponsavit
956 3140 987 3190 et
1018 3132 1139 3192 dimisit
1165 3156 1238 3194 cum

105 3249 111 3266 ·
133 3216 344 3297 quadraginta
363 3214 490 3287 solidis,
513 3224 637 3282 etcum
653 3213 819 3274 duodecim
841 3215 1121 3274 sacramentalibus
1142 3216 1237 3294 iuret,

133 3321 209 3360 cum
228 3301 372 3380 quinque
399 3296 569 3358 nominatis
595 3307 626 3356 et
649 3305 768 3377 septem
793 3295 969 3372 advocatis,
1002 3306 1036 3357 ut
1059 3307 1116 3378 p'ro
1145 3299 1238 3358 nullo

133 3381 215 3441 vitio
235 3403 294 3442 nec
318 3389 470 3454 tentatam
493 3400 562 3437 eam
587 3379 769 3454 habuissem>
800 3399 859 3438 nec
886 3376 1001 3440 vitium
1025 3379 1058 3438 in
1079 3379 1241 3442 illainvc-

134 3465 253 3538 nisset,
275 3465 330 3524 sed
359 3483 447 3520 amor
468 3461 507 3520 dc
532 3462 594 3521 alia
622 3483 695 3522 eum
721 3459 855 3522 adduxit
881 3462 1026 3522 utillum
1047 3461 1241 3542 dimisisset,

134 3551 178 3622 (et
208 3547 303 3604 aliam
326 3544 488 3604 habuisset
510 3566 644 3604 uxorem
665 3541 725 3630 x).

134 3664 226 3734 ΤιΤ.
261 3664 361 3736 LIV.
396 3659 514 3756 (55.)
561 3661 619 3729 De
654 3685 698 3731 eo
731 3665 793 3756 qui
822 3659 938 3730 filiam
969 3661 1123 3732 alienam
1164 3687 1238 3734 non

455 3763 703 3852 desponsatam
734 3762 923 3853 acceperit.

216 3887 242 3952 I.
284 3890 317 3950 Si
342 3891 414 3973 quis
440 3891 538 3950 filiam
562 3888 693 3950 alterius
710 3897 758 3966 y)
780 3911 846 3950 non
873 3889 1092 3972 desponsatam
1113 3907 1245 3969 accepe-

204 4054 242 4124 ιι)
259 4056 372 4106 Herold.
393 4063 420 4106 et
438 4055 516 4108 Lind.
536 4053 596 4104 add.
613 4052 662 4104 ct‘ut
680 4054 731 4106 illa
750 4051 824 4124 filia.
862 4051 894 4121 v)
914 4049 1243 4124 manumiserunt:

126 4124 223 4196 filiam
242 4143 300 4177 cum
319 4124 425 4196 duplici
441 4123 599 4194 weregildo.
637 4126 685 4193 w)
712 4125 779 4176 Met.
808 4125 837 4176 Si
860 4137 949 4176 antem
966 4123 1176 4194 mortnajnerit
1193 4121 1245 4172 snb

135 4213 184 4258 eo,
203 4195 292 4247 solvat
310 4213 368 4246 eum
387 4214 446 4247 curn
467 4197 567 4248 CCCC.
585 4195 634 4246 sod.
689 4195 727 4264 x)
744 4195 849 4247 Desunt
869 4193 983 4256 invlten
1034 4191 1162 4258 leod.
1188 4201 1245 4256 reg,

135 4264 193 4316 Til.
213 4274 240 4317 ct
264 4265 342 4318 Lind.
362 4267 490 4319 alienam.
1234 4285 1236 4292 ·
