<?xml version="1.0" encoding="UTF-8"?>
<!DOCTYPE html PUBLIC "-//W3C//DTD XHTML 1.0 Transitional//EN"
    "http://www.w3.org/TR/xhtml1/DTD/xhtml1-transitional.dtd">
<html xmlns="http://www.w3.org/1999/xhtml" xml:lang="en" lang="en">
 <head>
  <title>
</title>
<meta http-equiv="Content-Type" content="text/html;charset=utf-8" />
  <meta name='ocr-system' content='tesseract 3.04.00' />
  <meta name='ocr-capabilities' content='ocr_page ocr_carea ocr_par ocr_line ocrx_word'/>
</head>
<body>
  <div class='ocr_page' id='page_1' title='image "./corpusiurisgerm02visigoog/corpusiurisgerm02visigoog_0232.png"; bbox 0 0 2906 5008; ppageno 0'>
   <div class='ocr_carea' id='block_1_1' title="bbox 361 315 1228 392">
    <p class='ocr_par' dir='ltr' id='par_1_1' title="bbox 361 315 1228 392">
     <span class='ocr_line' id='line_1_1' title="bbox 361 315 1228 392; baseline 0.003 -6"><span class='ocrx_word' id='word_1_1' title='bbox 361 329 466 388; x_wconf 75' lang='lat' dir='ltr'>escis</span> <span class='ocrx_word' id='word_1_2' title='bbox 484 330 764 392; x_wconf 68' lang='lat' dir='ltr'>normannorum</span> <span class='ocrx_word' id='word_1_3' title='bbox 782 333 854 386; x_wconf 76' lang='lat' dir='ltr'>mr,</span> <span class='ocrx_word' id='word_1_4' title='bbox 872 332 951 388; x_wconf 81' lang='lat' dir='ltr'>xm.</span> <span class='ocrx_word' id='word_1_5' title='bbox 1150 315 1228 390; x_wconf 44' lang='lat' dir='ltr'>w213</span> 
     </span>
    </p>
   </div>
   <div class='ocr_carea' id='block_1_2' title="bbox 120 472 1233 1296">
    <p class='ocr_par' dir='ltr' id='par_1_2' title="bbox 120 472 1231 1049">
     <span class='ocr_line' id='line_1_2' title="bbox 123 472 1229 558; baseline 0.004 -22"><span class='ocrx_word' id='word_1_6' title='bbox 123 495 190 536; x_wconf 87' lang='lat' dir='ltr'>nou</span> <span class='ocrx_word' id='word_1_7' title='bbox 211 472 437 556; x_wconf 72' lang='lat' dir='ltr'>perior-atores,</span> <span class='ocrx_word' id='word_1_8' title='bbox 459 491 521 532; x_wconf 90' lang='lat' dir='ltr'>nee</span> <span class='ocrx_word' id='word_1_9' title='bbox 544 472 688 552; x_wconf 76' lang='lat' dir='ltr'><strong>fallaces,</strong></span> <span class='ocrx_word' id='word_1_10' title='bbox 711 494 771 534; x_wconf 89' lang='lat' dir='ltr'>nec</span> <span class='ocrx_word' id='word_1_11' title='bbox 798 473 1010 555; x_wconf 78' lang='lat' dir='ltr'><strong>pecuniarum</strong></span> <span class='ocrx_word' id='word_1_12' title='bbox 1031 481 1229 558; x_wconf 63' lang='lat' dir='ltr'>acceptores,</span> 
     </span>
     <span class='ocr_line' id='line_1_3' title="bbox 122 553 1228 641; baseline 0 -22"><span class='ocrx_word' id='word_1_13' title='bbox 122 557 179 620; x_wconf 89' lang='lat' dir='ltr'>sed</span> <span class='ocrx_word' id='word_1_14' title='bbox 204 555 370 616; x_wconf 85' lang='lat' dir='ltr'>veritatem</span> <span class='ocrx_word' id='word_1_15' title='bbox 401 553 516 614; x_wconf 87' lang='lat' dir='ltr'>volunt</span> <span class='ocrx_word' id='word_1_16' title='bbox 544 554 670 632; x_wconf 81' lang='lat' dir='ltr'>dicere,</span> <span class='ocrx_word' id='word_1_17' title='bbox 702 566 872 616; x_wconf 72' lang='lat' dir='ltr'>coonoscat</span> <span class='ocrx_word' id='word_1_18' title='bbox 901 556 961 617; x_wconf 87' lang='lat' dir='ltr'>hoc</span> <span class='ocrx_word' id='word_1_19' title='bbox 983 557 1100 634; x_wconf 87' lang='lat' dir='ltr'>iudex,</span> <span class='ocrx_word' id='word_1_20' title='bbox 1124 559 1228 641; x_wconf 85' lang='lat' dir='ltr'>(quod</span> 
     </span>
     <span class='ocr_line' id='line_1_4' title="bbox 120 599 1230 721; baseline 0 -21"><span class='ocrx_word' id='word_1_21' title='bbox 120 649 201 700; x_wconf 90' lang='lat' dir='ltr'>tunc</span> <span class='ocrx_word' id='word_1_22' title='bbox 222 637 388 698; x_wconf 83' lang='lat' dir='ltr'><strong>licentiam</strong></span> <span class='ocrx_word' id='word_1_23' title='bbox 408 637 465 695; x_wconf 91' lang='lat' dir='ltr'>ille</span> <span class='ocrx_word' id='word_1_24' title='bbox 488 636 584 697; x_wconf 91' lang='lat' dir='ltr'>homo</span> <span class='ocrx_word' id='word_1_25' title='bbox 606 639 661 721; x_wconf 91' lang='lat' dir='ltr'>qui</span> <span class='ocrx_word' id='word_1_26' title='bbox 683 599 833 697; x_wconf 78' lang='lat' dir='ltr'>malletur</span> <span class='ocrx_word' id='word_1_27' title='bbox 854 647 927 699; x_wconf 90' lang='lat' dir='ltr'>ante</span> <span class='ocrx_word' id='word_1_28' title='bbox 951 660 1034 715; x_wconf 89' lang='lat' dir='ltr'>eum,</span> <span class='ocrx_word' id='word_1_29' title='bbox 1057 637 1096 698; x_wconf 89' lang='lat' dir='ltr'>de</span> <span class='ocrx_word' id='word_1_30' title='bbox 1112 661 1230 701; x_wconf 54' lang='lat' dir='ltr'>»caussa</span> 
     </span>
     <span class='ocr_line' id='line_1_5' title="bbox 122 719 1229 802; baseline -0.001 -19"><span class='ocrx_word' id='word_1_31' title='bbox 122 724 177 783; x_wconf 85' lang='lat' dir='ltr'>illa</span> <span class='ocrx_word' id='word_1_32' title='bbox 188 729 376 802; x_wconf 85' lang='lat' dir='ltr'>potestatem</span> <span class='ocrx_word' id='word_1_33' title='bbox 391 719 520 778; x_wconf 82' lang='lat' dir='ltr'>iurandi</span> <span class='ocrx_word' id='word_1_34' title='bbox 539 740 604 779; x_wconf 90' lang='lat' dir='ltr'>non</span> <span class='ocrx_word' id='word_1_35' title='bbox 623 720 750 792; x_wconf 83' lang='lat' dir='ltr'>habeat,</span> <span class='ocrx_word' id='word_1_36' title='bbox 772 721 827 780; x_wconf 89' lang='lat' dir='ltr'>sed</span> <span class='ocrx_word' id='word_1_37' title='bbox 841 720 924 780; x_wconf 86' lang='lat' dir='ltr'>sicut</span> <span class='ocrx_word' id='word_1_38' title='bbox 946 721 1000 780; x_wconf 81' lang='lat' dir='ltr'>lex</span> <span class='ocrx_word' id='word_1_39' title='bbox 1016 720 1112 782; x_wconf 78' lang='lat' dir='ltr'>habet</span> <span class='ocrx_word' id='word_1_40' title='bbox 1129 723 1171 800; x_wconf 79' lang='lat' dir='ltr'>h),</span> <span class='ocrx_word' id='word_1_41' title='bbox 1194 722 1229 782; x_wconf 81' lang='lat' dir='ltr'>i&#39;n</span> 
     </span>
     <span class='ocr_line' id='line_1_6' title="bbox 120 801 1230 885; baseline -0.002 -20"><span class='ocrx_word' id='word_1_42' title='bbox 120 805 183 865; x_wconf 91' lang='lat' dir='ltr'>hoc</span> <span class='ocrx_word' id='word_1_43' title='bbox 207 803 328 864; x_wconf 89' lang='lat' dir='ltr'>iudicio</span> <span class='ocrx_word' id='word_1_44' title='bbox 350 801 524 884; x_wconf 82' lang='lat' dir='ltr'>persolvet,</span> <span class='ocrx_word' id='word_1_45' title='bbox 546 810 583 861; x_wconf 87' lang='lat' dir='ltr'>ut</span> <span class='ocrx_word' id='word_1_46' title='bbox 612 812 742 885; x_wconf 90' lang='lat' dir='ltr'>propter</span> <span class='ocrx_word' id='word_1_47' title='bbox 767 824 855 862; x_wconf 89' lang='lat' dir='ltr'>suam</span> <span class='ocrx_word' id='word_1_48' title='bbox 882 803 1060 882; x_wconf 77' lang='lat' dir='ltr'>nequitiam</span> <span class='ocrx_word' id='word_1_49' title='bbox 1089 803 1145 862; x_wconf 86' lang='lat' dir='ltr'>alii</span> <span class='ocrx_word' id='word_1_50' title='bbox 1173 803 1230 884; x_wconf 84' lang='lat' dir='ltr'>qui</span> 
     </span>
     <span class='ocr_line' id='line_1_7' title="bbox 122 884 1231 969; baseline -0.001 -20"><span class='ocrx_word' id='word_1_51' title='bbox 122 885 240 949; x_wconf 85' lang='lat' dir='ltr'>volunt</span> <span class='ocrx_word' id='word_1_52' title='bbox 257 884 320 944; x_wconf 88' lang='lat' dir='ltr'>Dei</span> <span class='ocrx_word' id='word_1_53' title='bbox 342 906 420 961; x_wconf 90' lang='lat' dir='ltr'>esse,</span> <span class='ocrx_word' id='word_1_54' title='bbox 434 904 509 969; x_wconf 85' lang='lat' dir='ltr'>¹non</span> <span class='ocrx_word' id='word_1_55' title='bbox 528 897 561 944; x_wconf 88' lang='lat' dir='ltr'>se</span> <span class='ocrx_word' id='word_1_56' title='bbox 582 887 761 968; x_wconf 74' lang='lat' dir='ltr'>periment,</span> <span class='ocrx_word' id='word_1_57' title='bbox 786 905 845 944; x_wconf 89' lang='lat' dir='ltr'>nee</span> <span class='ocrx_word' id='word_1_58' title='bbox 859 894 993 968; x_wconf 89' lang='lat' dir='ltr'>propter</span> <span class='ocrx_word' id='word_1_59' title='bbox 1013 885 1140 968; x_wconf 87' lang='lat' dir='ltr'>culpam</span> <span class='ocrx_word' id='word_1_60' title='bbox 1154 887 1231 948; x_wconf 59' lang='lat' dir='ltr'>alie*</span> 
     </span>
     <span class='ocr_line' id='line_1_8' title="bbox 123 966 570 1049; baseline -0.011 -20"><span class='ocrx_word' id='word_1_61' title='bbox 123 989 198 1029; x_wconf 85' lang='lat' dir='ltr'>nam</span> <span class='ocrx_word' id='word_1_62' title='bbox 216 967 401 1049; x_wconf 88' lang='lat' dir='ltr'>semetipsos</span> <span class='ocrx_word' id='word_1_63' title='bbox 424 966 570 1047; x_wconf 83' lang='lat' dir='ltr'>perdant.</span> 
     </span>
    </p>

    <p class='ocr_par' dir='ltr' id='par_1_3' title="bbox 121 1047 1233 1296">
     <span class='ocr_line' id='line_1_9' title="bbox 206 1047 1232 1132; baseline 0 -22"><span class='ocrx_word' id='word_1_64' title='bbox 206 1050 251 1115; x_wconf 85' lang='lat' dir='ltr'>lt.</span> <span class='ocrx_word' id='word_1_65' title='bbox 295 1049 398 1110; x_wconf 83' lang='lat' dir='ltr'>Testis</span> <span class='ocrx_word' id='word_1_66' title='bbox 425 1047 511 1108; x_wconf 88' lang='lat' dir='ltr'>enim</span> <span class='ocrx_word' id='word_1_67' title='bbox 531 1049 587 1129; x_wconf 92' lang='lat' dir='ltr'>qui</span> <span class='ocrx_word' id='word_1_68' title='bbox 613 1048 676 1108; x_wconf 86' lang='lat' dir='ltr'>iam</span> <span class='ocrx_word' id='word_1_69' title='bbox 698 1049 865 1110; x_wconf 86' lang='lat' dir='ltr'>convictus</span> <span class='ocrx_word' id='word_1_70' title='bbox 893 1049 956 1110; x_wconf 88' lang='lat' dir='ltr'>fuit</span> <span class='ocrx_word' id='word_1_71' title='bbox 981 1051 1069 1132; x_wconf 90' lang='lat' dir='ltr'>quod</span> <span class='ocrx_word' id='word_1_72' title='bbox 1097 1050 1232 1111; x_wconf 72' lang='lat' dir='ltr'>menda-⁸</span> 
     </span>
     <span class='ocr_line' id='line_1_10' title="bbox 122 1131 1233 1218; baseline -0.001 -24"><span class='ocrx_word' id='word_1_73' title='bbox 122 1134 209 1194; x_wconf 87' lang='lat' dir='ltr'>cium</span> <span class='ocrx_word' id='word_1_74' title='bbox 233 1131 332 1194; x_wconf 89' lang='lat' dir='ltr'>semel</span> <span class='ocrx_word' id='word_1_75' title='bbox 354 1139 431 1206; x_wconf 87' lang='lat' dir='ltr'>(aut</span> <span class='ocrx_word' id='word_1_76' title='bbox 454 1131 579 1191; x_wconf 86' lang='lat' dir='ltr'>bisant</span> <span class='ocrx_word' id='word_1_77' title='bbox 604 1141 656 1191; x_wconf 84' lang='lat' dir='ltr'>ter</span> <span class='ocrx_word' id='word_1_78' title='bbox 678 1133 706 1210; x_wconf 84' lang='lat' dir='ltr'>i)</span> <span class='ocrx_word' id='word_1_79' title='bbox 726 1131 912 1194; x_wconf 82' lang='lat' dir='ltr'>testificatus</span> <span class='ocrx_word' id='word_1_80' title='bbox 941 1132 1002 1212; x_wconf 87' lang='lat' dir='ltr'>sit,</span> <span class='ocrx_word' id='word_1_81' title='bbox 1032 1133 1168 1218; x_wconf 87' lang='lat' dir='ltr'>amplius</span> <span class='ocrx_word' id='word_1_82' title='bbox 1193 1133 1233 1194; x_wconf 81' lang='lat' dir='ltr'>ad</span> 
     </span>
     <span class='ocr_line' id='line_1_11' title="bbox 121 1213 714 1296; baseline -0.007 -19"><span class='ocrx_word' id='word_1_83' title='bbox 121 1215 343 1279; x_wconf 86' lang='lat' dir='ltr'>testimonium</span> <span class='ocrx_word' id='word_1_84' title='bbox 363 1213 429 1274; x_wconf 77' lang='lat' dir='ltr'>n&#39;on</span> <span class='ocrx_word' id='word_1_85' title='bbox 455 1213 641 1296; x_wconf 87' lang='lat' dir='ltr'>recipiatur.</span> <span class='ocrx_word' id='word_1_86' title='bbox 712 1237 714 1243; x_wconf 94' lang='lat'>·</span> 
     </span>
    </p>
   </div>
   <div class='ocr_carea' id='block_1_3' title="bbox 123 1324 1233 1548">
    <p class='ocr_par' dir='ltr' id='par_1_4' title="bbox 123 1324 1233 1548">
     <span class='ocr_line' id='line_1_12' title="bbox 123 1324 1233 1462; baseline -0.001 -23"><span class='ocrx_word' id='word_1_87' title='bbox 123 1368 213 1439; x_wconf 80' lang='lat' dir='ltr'>Trr·</span> <span class='ocrx_word' id='word_1_88' title='bbox 238 1339 384 1437; x_wconf 40' lang='grc' dir='ltr'>ΧΙΑΙΙΙ.4</span> <span class='ocrx_word' id='word_1_89' title='bbox 405 1369 502 1449; x_wconf 76' lang='lat' dir='ltr'>(tt.)</span> <span class='ocrx_word' id='word_1_90' title='bbox 550 1324 613 1434; x_wconf 64' lang='lat' dir='ltr'>Ut:</span> <span class='ocrx_word' id='word_1_91' title='bbox 637 1341 818 1456; x_wconf 83' lang='lat' dir='ltr'>scripture</span> <span class='ocrx_word' id='word_1_92' title='bbox 849 1387 923 1434; x_wconf 89' lang='lat' dir='ltr'>non</span> <span class='ocrx_word' id='word_1_93' title='bbox 955 1349 1136 1438; x_wconf 72' lang='lat' dir='ltr'>valentin</span> <span class='ocrx_word' id='word_1_94' title='bbox 1162 1391 1233 1462; x_wconf 82' lang='lat' dir='ltr'>qua</span> 
     </span>
     <span class='ocr_line' id='line_1_13' title="bbox 368 1464 982 1548; baseline 0 -15"><span class='ocrx_word' id='word_1_95' title='bbox 368 1489 484 1534; x_wconf 85' lang='lat' dir='ltr'>annus</span> <span class='ocrx_word' id='word_1_96' title='bbox 509 1475 545 1534; x_wconf 86' lang='lat' dir='ltr'>et</span> <span class='ocrx_word' id='word_1_97' title='bbox 570 1464 646 1531; x_wconf 90' lang='lat' dir='ltr'>dies</span> <span class='ocrx_word' id='word_1_98' title='bbox 671 1487 744 1532; x_wconf 90' lang='lat' dir='ltr'>non</span> <span class='ocrx_word' id='word_1_99' title='bbox 770 1467 982 1548; x_wconf 69' lang='lat' dir='ltr'>ostenditur</span> 
     </span>
    </p>
   </div>
   <div class='ocr_carea' id='block_1_4' title="bbox 121 1590 1233 1743">
    <p class='ocr_par' dir='ltr' id='par_1_5' title="bbox 121 1590 1233 1743">
     <span class='ocr_line' id='line_1_14' title="bbox 206 1590 1233 1678; baseline 0 -22"><span class='ocrx_word' id='word_1_100' title='bbox 206 1593 372 1676; x_wconf 83' lang='lat' dir='ltr'>Scriptura</span> <span class='ocrx_word' id='word_1_101' title='bbox 393 1615 459 1654; x_wconf 88' lang='lat' dir='ltr'>non</span> <span class='ocrx_word' id='word_1_102' title='bbox 481 1592 569 1678; x_wconf 83' lang='lat' dir='ltr'>valet</span> <span class='ocrx_word' id='word_1_103' title='bbox 590 1590 652 1654; x_wconf 86' lang='lat' dir='ltr'>nisi</span> <span class='ocrx_word' id='word_1_104' title='bbox 673 1591 706 1650; x_wconf 92' lang='lat' dir='ltr'>in</span> <span class='ocrx_word' id='word_1_105' title='bbox 738 1613 802 1676; x_wconf 82' lang='lat' dir='ltr'>qua</span> <span class='ocrx_word' id='word_1_106' title='bbox 825 1614 928 1675; x_wconf 81' lang='lat' dir='ltr'>annus</span> <span class='ocrx_word' id='word_1_107' title='bbox 950 1603 983 1655; x_wconf 89' lang='lat' dir='ltr'>et</span> <span class='ocrx_word' id='word_1_108' title='bbox 1005 1593 1073 1658; x_wconf 86' lang='lat' dir='ltr'>dies</span> <span class='ocrx_word' id='word_1_109' title='bbox 1096 1595 1233 1660; x_wconf 85' lang='lat' dir='ltr'>eviden-</span> 
     </span>
     <span class='ocr_line' id='line_1_15' title="bbox 121 1677 1021 1743; baseline -0.003 -3"><span class='ocrx_word' id='word_1_110' title='bbox 121 1688 175 1740; x_wconf 87' lang='lat' dir='ltr'>ter</span> <span class='ocrx_word' id='word_1_111' title='bbox 196 1677 387 1743; x_wconf 82' lang='lat' dir='ltr'>ostenditur.</span> <span class='ocrx_word' id='word_1_112' title='bbox 1019 1711 1021 1716; x_wconf 95' lang='lat'>·</span> 
     </span>
    </p>
   </div>
   <div class='ocr_carea' id='block_1_5' title="bbox 122 1789 1229 1888">
    <p class='ocr_par' dir='ltr' id='par_1_6' title="bbox 122 1789 1229 1888">
     <span class='ocr_line' id='line_1_16' title="bbox 122 1789 1229 1888; baseline -0.001 -21"><span class='ocrx_word' id='word_1_113' title='bbox 122 1798 214 1867; x_wconf 74' lang='grc' dir='ltr'><strong>ΤΙΤ.</strong></span> <span class='ocrx_word' id='word_1_114' title='bbox 240 1793 380 1866; x_wconf 86' lang='lat' dir='ltr'><strong>XLIV.</strong></span> <span class='ocrx_word' id='word_1_115' title='bbox 430 1789 520 1888; x_wconf 69' lang='grc'>(46)</span> <span class='ocrx_word' id='word_1_116' title='bbox 569 1793 770 1864; x_wconf 83' lang='lat' dir='ltr'>Delibero</span> <span class='ocrx_word' id='word_1_117' title='bbox 796 1795 858 1888; x_wconf 90' lang='lat' dir='ltr'>qui</span> <span class='ocrx_word' id='word_1_118' title='bbox 883 1796 991 1866; x_wconf 85' lang='lat' dir='ltr'>alteri</span> <span class='ocrx_word' id='word_1_119' title='bbox 1015 1797 1138 1868; x_wconf 80' lang='lat' dir='ltr'>libero·</span> <span class='ocrx_word' id='word_1_120' title='bbox 1159 1799 1229 1868; x_wconf 89' lang='lat' dir='ltr'>cri-</span> 
     </span>
    </p>
   </div>
   <div class='ocr_carea' id='block_1_6' title="bbox 418 1894 931 1986">
    <p class='ocr_par' dir='ltr' id='par_1_7' title="bbox 418 1894 931 1986">
     <span class='ocr_line' id='line_1_17' title="bbox 418 1894 931 1986; baseline 0.004 -24"><span class='ocrx_word' id='word_1_121' title='bbox 418 1915 502 1962; x_wconf 87' lang='lat' dir='ltr'>men</span> <span class='ocrx_word' id='word_1_122' title='bbox 529 1894 682 1963; x_wconf 84' lang='lat' dir='ltr'>mortale</span> <span class='ocrx_word' id='word_1_123' title='bbox 707 1896 931 1986; x_wconf 77' lang='lat' dir='ltr'>imposuerit.</span> 
     </span>
    </p>
   </div>
   <div class='ocr_carea' id='block_1_7' title="bbox 122 2021 1231 2583">
    <p class='ocr_par' dir='ltr' id='par_1_8' title="bbox 122 2021 1231 2426">
     <span class='ocr_line' id='line_1_18' title="bbox 204 2021 1230 2106; baseline 0 -22"><span class='ocrx_word' id='word_1_124' title='bbox 204 2026 232 2089; x_wconf 90' lang='grc' dir='ltr'>Ι.</span> <span class='ocrx_word' id='word_1_125' title='bbox 273 2022 307 2084; x_wconf 89' lang='lat' dir='ltr'>Si</span> <span class='ocrx_word' id='word_1_126' title='bbox 332 2021 405 2104; x_wconf 89' lang='lat' dir='ltr'>quis</span> <span class='ocrx_word' id='word_1_127' title='bbox 429 2021 510 2081; x_wconf 88' lang='lat' dir='ltr'>liber</span> <span class='ocrx_word' id='word_1_128' title='bbox 535 2021 637 2082; x_wconf 88' lang='lat' dir='ltr'>libero</span> <span class='ocrx_word' id='word_1_129' title='bbox 666 2021 787 2082; x_wconf 85' lang='lat' dir='ltr'>crimen</span> <span class='ocrx_word' id='word_1_130' title='bbox 807 2022 941 2105; x_wconf 81' lang='lat' dir='ltr'>aliquod</span> <span class='ocrx_word' id='word_1_131' title='bbox 964 2022 1098 2084; x_wconf 87' lang='lat' dir='ltr'>mortale</span> <span class='ocrx_word' id='word_1_132' title='bbox 1125 2025 1230 2106; x_wconf 85' lang='lat' dir='ltr'>impo-</span> 
     </span>
     <span class='ocr_line' id='line_1_19' title="bbox 122 2105 1231 2186; baseline -0.004 -16"><span class='ocrx_word' id='word_1_133' title='bbox 122 2108 236 2185; x_wconf 83' lang='lat' dir='ltr'>suerit,</span> <span class='ocrx_word' id='word_1_134' title='bbox 257 2115 290 2167; x_wconf 84' lang='lat' dir='ltr'>&#39;et</span> <span class='ocrx_word' id='word_1_135' title='bbox 312 2107 351 2165; x_wconf 85' lang='lat' dir='ltr'>ad</span> <span class='ocrx_word' id='word_1_136' title='bbox 371 2106 491 2186; x_wconf 80' lang='lat' dir='ltr'>Regem</span> <span class='ocrx_word' id='word_1_137' title='bbox 513 2115 567 2164; x_wconf 88' lang='lat' dir='ltr'>aut</span> <span class='ocrx_word' id='word_1_138' title='bbox 591 2105 629 2164; x_wconf 86' lang='lat' dir='ltr'>ad</span> <span class='ocrx_word' id='word_1_139' title='bbox 651 2105 871 2164; x_wconf 31' lang='lat' dir='ltr'>Ducemrenm</span> <span class='ocrx_word' id='word_1_140' title='bbox 896 2107 1109 2183; x_wconf 67' lang='lat' dir='ltr'>accusaverit,</span> <span class='ocrx_word' id='word_1_141' title='bbox 1125 2116 1157 2166; x_wconf 89' lang='lat' dir='ltr'>et</span> <span class='ocrx_word' id='word_1_142' title='bbox 1176 2108 1231 2166; x_wconf 83' lang='lat' dir='ltr'>in-</span> 
     </span>
     <span class='ocr_line' id='line_1_20' title="bbox 123 2187 1231 2272; baseline -0.001 -22"><span class='ocrx_word' id='word_1_143' title='bbox 123 2191 164 2250; x_wconf 91' lang='lat' dir='ltr'>de</span> <span class='ocrx_word' id='word_1_144' title='bbox 185 2189 316 2272; x_wconf 83' lang='lat' dir='ltr'>probata</span> <span class='ocrx_word' id='word_1_145' title='bbox 337 2209 388 2246; x_wconf 89' lang='lat' dir='ltr'>res</span> <span class='ocrx_word' id='word_1_146' title='bbox 419 2187 620 2263; x_wconf 73' lang='lat' dir='ltr'>nonestis),</span> <span class='ocrx_word' id='word_1_147' title='bbox 643 2187 705 2246; x_wconf 89' lang='lat' dir='ltr'>nisi</span> <span class='ocrx_word' id='word_1_148' title='bbox 729 2187 816 2267; x_wconf 89' lang='lat' dir='ltr'>quod</span> <span class='ocrx_word' id='word_1_149' title='bbox 841 2188 908 2270; x_wconf 88' lang='lat' dir='ltr'>ipse</span> <span class='ocrx_word' id='word_1_150' title='bbox 931 2189 1027 2266; x_wconf 88' lang='lat' dir='ltr'>dicit,</span> <span class='ocrx_word' id='word_1_151' title='bbox 1058 2188 1156 2250; x_wconf 84' lang='lat' dir='ltr'>liceat</span> <span class='ocrx_word' id='word_1_152' title='bbox 1180 2189 1231 2249; x_wconf 89' lang='lat' dir='ltr'>illi</span> 
     </span>
     <span class='ocr_line' id='line_1_21' title="bbox 123 2270 1231 2354; baseline 0.002 -24"><span class='ocrx_word' id='word_1_153' title='bbox 123 2271 263 2332; x_wconf 90' lang='lat' dir='ltr'>alio&#39;cui</span> <span class='ocrx_word' id='word_1_154' title='bbox 291 2270 412 2331; x_wconf 86' lang='lat' dir='ltr'>crimen</span> <span class='ocrx_word' id='word_1_155' title='bbox 437 2270 612 2352; x_wconf 87' lang='lat' dir='ltr'>imposuit,</span> <span class='ocrx_word' id='word_1_156' title='bbox 634 2291 708 2330; x_wconf 91' lang='lat' dir='ltr'>cum</span> <span class='ocrx_word' id='word_1_157' title='bbox 731 2279 830 2330; x_wconf 84' lang='lat' dir='ltr'>tracte</span> <span class='ocrx_word' id='word_1_158' title='bbox 855 2282 941 2354; x_wconf 83' lang='lat' dir='ltr'>spate</span> <span class='ocrx_word' id='word_1_159' title='bbox 967 2293 999 2333; x_wconf 87' lang='lat' dir='ltr'>se</span> <span class='ocrx_word' id='word_1_160' title='bbox 1022 2271 1174 2333; x_wconf 86' lang='lat' dir='ltr'>idoneare</span> <span class='ocrx_word' id='word_1_161' title='bbox 1198 2273 1231 2346; x_wconf 83' lang='lat' dir='ltr'>l)</span> 
     </span>
     <span class='ocr_line' id='line_1_22' title="bbox 124 2353 930 2426; baseline -0.011 -11"><span class='ocrx_word' id='word_1_162' title='bbox 124 2365 237 2415; x_wconf 86' lang='lat' dir='ltr'>contra</span> <span class='ocrx_word' id='word_1_163' title='bbox 258 2355 351 2414; x_wconf 89' lang='lat' dir='ltr'>illum</span> <span class='ocrx_word' id='word_1_164' title='bbox 374 2353 482 2412; x_wconf 83' lang='lat' dir='ltr'>alium.</span> <span class='ocrx_word' id='word_1_165' title='bbox 894 2358 902 2364; x_wconf 77' lang='grc'><em>”</em></span> <span class='ocrx_word' id='word_1_166' title='bbox 929 2421 930 2426; x_wconf 12' lang='lat'>¹</span> 
     </span>
    </p>

    <p class='ocr_par' dir='ltr' id='par_1_9' title="bbox 123 2434 1230 2583">
     <span class='ocr_line' id='line_1_23' title="bbox 206 2434 1230 2520; baseline 0.005 -24"><span class='ocrx_word' id='word_1_167' title='bbox 206 2439 246 2496; x_wconf 92' lang='lat' dir='ltr'>ll.</span> <span class='ocrx_word' id='word_1_168' title='bbox 289 2439 336 2496; x_wconf 88' lang='lat' dir='ltr'>De</span> <span class='ocrx_word' id='word_1_169' title='bbox 356 2434 533 2496; x_wconf 87' lang='lat' dir='ltr'>minoribus</span> <span class='ocrx_word' id='word_1_170' title='bbox 556 2443 661 2496; x_wconf 87' lang='lat' dir='ltr'>autem</span> <span class='ocrx_word' id='word_1_171' title='bbox 683 2434 798 2519; x_wconf 88' lang='lat' dir='ltr'>culpis,</span> <span class='ocrx_word' id='word_1_172' title='bbox 821 2434 905 2498; x_wconf 88' lang='lat' dir='ltr'>sicut</span> <span class='ocrx_word' id='word_1_173' title='bbox 924 2435 1009 2498; x_wconf 87' lang='lat' dir='ltr'>Duci</span> <span class='ocrx_word' id='word_1_174' title='bbox 1030 2436 1153 2520; x_wconf 88' lang='lat' dir='ltr'>placet,</span> <span class='ocrx_word' id='word_1_175' title='bbox 1178 2437 1230 2502; x_wconf 69' lang='lat' dir='ltr'>vitu</span> 
     </span>
     <span class='ocr_line' id='line_1_24' title="bbox 123 2519 1133 2583; baseline -0.006 -3"><span class='ocrx_word' id='word_1_176' title='bbox 123 2520 179 2580; x_wconf 85' lang='lat' dir='ltr'>fiat</span> <span class='ocrx_word' id='word_1_177' title='bbox 200 2519 286 2579; x_wconf 89' lang='lat' dir='ltr'>inter</span> <span class='ocrx_word' id='word_1_178' title='bbox 308 2539 372 2583; x_wconf 81' lang='lat' dir='ltr'>eos,</span> <span class='ocrx_word' id='word_1_179' title='bbox 1131 2537 1133 2542; x_wconf 92' lang='lat'>·</span> 
     </span>
    </p>
   </div>
   <div class='ocr_carea' id='block_1_8' title="bbox 13 2597 1229 2732">
    <p class='ocr_par' dir='ltr' id='par_1_10' title="bbox 13 2597 1229 2732">
     <span class='ocr_line' id='line_1_25' title="bbox 13 2597 1229 2732; baseline -0.004 -22"><span class='ocrx_word' id='word_1_180' title='bbox 13 2659 14 2662; x_wconf 75' lang='grc'>’</span> <span class='ocrx_word' id='word_1_181' title='bbox 123 2637 361 2710; x_wconf 81' lang='lat' dir='ltr'>&#39;r1r.XLV·.</span> <span class='ocrx_word' id='word_1_182' title='bbox 408 2597 502 2732; x_wconf 75' lang='lat' dir='ltr'>(tit)</span> <span class='ocrx_word' id='word_1_183' title='bbox 551 2633 611 2706; x_wconf 91' lang='lat' dir='ltr'>De</span> <span class='ocrx_word' id='word_1_184' title='bbox 634 2620 723 2706; x_wconf 80' lang='lat' dir='ltr'>rixis</span> <span class='ocrx_word' id='word_1_185' title='bbox 747 2661 839 2730; x_wconf 85' lang='lat' dir='ltr'>quae</span> <span class='ocrx_word' id='word_1_186' title='bbox 873 2660 980 2732; x_wconf 85' lang='lat' dir='ltr'>saepe</span> <span class='ocrx_word' id='word_1_187' title='bbox 1006 2635 1087 2705; x_wconf 80' lang='lat' dir='ltr'>fieri</span> <span class='ocrx_word' id='word_1_188' title='bbox 1112 2635 1229 2724; x_wconf 75' lang='lat' dir='ltr'>solent</span> 
     </span>
    </p>
   </div>
   <div class='ocr_carea' id='block_1_9' title="bbox 560 2737 781 2829">
    <p class='ocr_par' dir='ltr' id='par_1_11' title="bbox 560 2737 781 2829">
     <span class='ocr_line' id='line_1_26' title="bbox 560 2737 781 2829; baseline 0.014 -25"><span class='ocrx_word' id='word_1_189' title='bbox 560 2740 600 2804; x_wconf 90' lang='lat' dir='ltr'>in</span> <span class='ocrx_word' id='word_1_190' title='bbox 634 2737 781 2829; x_wconf 87' lang='lat' dir='ltr'>populo.</span> 
     </span>
    </p>
   </div>
   <div class='ocr_carea' id='block_1_10' title="bbox 121 2861 1235 3774">
    <p class='ocr_par' dir='ltr' id='par_1_12' title="bbox 121 2861 1235 3274">
     <span class='ocr_line' id='line_1_27' title="bbox 206 2861 1226 2946; baseline -0.001 -21"><span class='ocrx_word' id='word_1_191' title='bbox 206 2865 232 2930; x_wconf 91' lang='lat' dir='ltr'>l.</span> <span class='ocrx_word' id='word_1_192' title='bbox 275 2865 308 2924; x_wconf 91' lang='lat' dir='ltr'>Si</span> <span class='ocrx_word' id='word_1_193' title='bbox 336 2886 400 2946; x_wconf 86' lang='lat' dir='ltr'>qua</span> <span class='ocrx_word' id='word_1_194' title='bbox 424 2864 494 2924; x_wconf 84' lang='lat' dir='ltr'>rixa</span> <span class='ocrx_word' id='word_1_195' title='bbox 518 2874 585 2924; x_wconf 85' lang='lat' dir='ltr'>orta</span> <span class='ocrx_word' id='word_1_196' title='bbox 605 2865 703 2924; x_wconf 87' lang='lat' dir='ltr'>fuerit</span> <span class='ocrx_word' id='word_1_197' title='bbox 728 2865 820 2925; x_wconf 89' lang='lat' dir='ltr'>inter</span> <span class='ocrx_word' id='word_1_198' title='bbox 844 2864 923 2925; x_wconf 84' lang='lat' dir='ltr'>dnos</span> <span class='ocrx_word' id='word_1_199' title='bbox 939 2863 1095 2926; x_wconf 72' lang='lat' dir='ltr'>‘homines</span> <span class='ocrx_word' id='word_1_200' title='bbox 1117 2861 1226 2925; x_wconf 83' lang='lat' dir='ltr'>auti-n</span> 
     </span>
     <span class='ocr_line' id='line_1_28' title="bbox 121 2947 1235 3034; baseline -0.003 -27"><span class='ocrx_word' id='word_1_201' title='bbox 121 2949 304 3034; x_wconf 83' lang='lat' dir='ltr'>plateam),</span> <span class='ocrx_word' id='word_1_202' title='bbox 327 2959 381 3006; x_wconf 84' lang='lat' dir='ltr'>aut</span> <span class='ocrx_word' id='word_1_203' title='bbox 402 2947 435 3006; x_wconf 89' lang='lat' dir='ltr'>in</span> <span class='ocrx_word' id='word_1_204' title='bbox 459 2969 576 3030; x_wconf 87' lang='lat' dir='ltr'>campo,</span> <span class='ocrx_word' id='word_1_205' title='bbox 602 2957 634 3006; x_wconf 85' lang='lat' dir='ltr'>et</span> <span class='ocrx_word' id='word_1_206' title='bbox 656 2969 738 3008; x_wconf 88' lang='lat' dir='ltr'>unus</span> <span class='ocrx_word' id='word_1_207' title='bbox 762 2948 860 3008; x_wconf 81' lang='lat' dir='ltr'>alium</span> <span class='ocrx_word' id='word_1_208' title='bbox 879 2949 1045 3024; x_wconf 88' lang='lat' dir='ltr'>occiderit,</span> <span class='ocrx_word' id='word_1_209' title='bbox 1071 2956 1103 3008; x_wconf 85' lang='lat' dir='ltr'>et</span> <span class='ocrx_word' id='word_1_210' title='bbox 1119 2957 1235 3030; x_wconf 50' lang='lat' dir='ltr'>poste-‘a¹</span> 
     </span>
     <span class='ocr_line' id='line_1_29' title="bbox 122 3029 1225 3114; baseline -0.004 -20"><span class='ocrx_word' id='word_1_211' title='bbox 122 3032 209 3114; x_wconf 77' lang='lat' dir='ltr'>fugit</span> <span class='ocrx_word' id='word_1_212' title='bbox 229 3031 297 3107; x_wconf 89' lang='lat' dir='ltr'>ille,</span> <span class='ocrx_word' id='word_1_213' title='bbox 320 3030 376 3112; x_wconf 91' lang='lat' dir='ltr'>qui</span> <span class='ocrx_word' id='word_1_214' title='bbox 397 3031 532 3107; x_wconf 88' lang='lat' dir='ltr'>oceidit,</span> <span class='ocrx_word' id='word_1_215' title='bbox 556 3040 588 3089; x_wconf 92' lang='lat' dir='ltr'>et</span> <span class='ocrx_word' id='word_1_216' title='bbox 611 3029 658 3087; x_wconf 88' lang='lat' dir='ltr'>illl</span> <span class='ocrx_word' id='word_1_217' title='bbox 686 3051 776 3112; x_wconf 85' lang='lat' dir='ltr'>pares</span> <span class='ocrx_word' id='word_1_218' title='bbox 803 3040 980 3112; x_wconf 84' lang='lat' dir='ltr'>sequantur</span> <span class='ocrx_word' id='word_1_219' title='bbox 997 3033 1077 3090; x_wconf 84' lang='lat' dir='ltr'>&#39;eum</span> <span class='ocrx_word' id='word_1_220' title='bbox 1103 3040 1145 3102; x_wconf 85' lang='grc' dir='ltr'>η)</span> <span class='ocrx_word' id='word_1_221' title='bbox 1170 3046 1225 3090; x_wconf 73' lang='lat' dir='ltr'>us·-</span> 
     </span>
     <span class='ocr_line' id='line_1_30' title="bbox 123 3112 1232 3198; baseline 0.001 -25"><span class='ocrx_word' id='word_1_222' title='bbox 123 3135 188 3198; x_wconf 88' lang='lat' dir='ltr'>que</span> <span class='ocrx_word' id='word_1_223' title='bbox 207 3115 240 3172; x_wconf 92' lang='lat' dir='ltr'>in</span> <span class='ocrx_word' id='word_1_224' title='bbox 255 3115 383 3172; x_wconf 87' lang='lat' dir='ltr'>domum</span> <span class='ocrx_word' id='word_1_225' title='bbox 395 3135 481 3172; x_wconf 86' lang='lat' dir='ltr'>suam</span> <span class='ocrx_word' id='word_1_226' title='bbox 499 3134 572 3172; x_wconf 85' lang='lat' dir='ltr'>curn</span> <span class='ocrx_word' id='word_1_227' title='bbox 591 3112 695 3190; x_wconf 86' lang='lat' dir='ltr'>armis,</span> <span class='ocrx_word' id='word_1_228' title='bbox 710 3123 742 3172; x_wconf 86' lang='lat' dir='ltr'>et</span> <span class='ocrx_word' id='word_1_229' title='bbox 759 3112 843 3172; x_wconf 87' lang='lat' dir='ltr'>insra</span> <span class='ocrx_word' id='word_1_230' title='bbox 858 3115 987 3173; x_wconf 76' lang='lat' dir='ltr'>&lt;tornum</span> <span class='ocrx_word' id='word_1_231' title='bbox 1003 3131 1232 3197; x_wconf 48' lang='lat' dir='ltr'>percussorem,</span> 
     </span>
     <span class='ocr_line' id='line_1_31' title="bbox 124 3193 1025 3274; baseline -0.006 -16"><span class='ocrx_word' id='word_1_232' title='bbox 124 3195 321 3271; x_wconf 77' lang='lat' dir='ltr'>occiderint,</span> <span class='ocrx_word' id='word_1_233' title='bbox 352 3219 427 3255; x_wconf 88' lang='lat' dir='ltr'>cum</span> <span class='ocrx_word' id='word_1_234' title='bbox 449 3219 513 3256; x_wconf 89' lang='lat' dir='ltr'>uno</span> <span class='ocrx_word' id='word_1_235' title='bbox 535 3193 709 3274; x_wconf 76' lang='lat' dir='ltr'>weregildo</span> <span class='ocrx_word' id='word_1_236' title='bbox 731 3197 857 3256; x_wconf 86' lang='lat' dir='ltr'>solvant</span> <span class='ocrx_word' id='word_1_237' title='bbox 878 3207 961 3256; x_wconf 84' lang='lat' dir='ltr'>eum.</span> <span class='ocrx_word' id='word_1_238' title='bbox 1021 3228 1025 3234; x_wconf 94' lang='lat'><em>-</em></span> 
     </span>
    </p>

    <p class='ocr_par' dir='ltr' id='par_1_13' title="bbox 123 3275 1231 3774">
     <span class='ocr_line' id='line_1_32' title="bbox 209 3275 1227 3360; baseline -0.002 -24"><span class='ocrx_word' id='word_1_239' title='bbox 209 3280 249 3342; x_wconf 89' lang='lat' dir='ltr'>ll.</span> <span class='ocrx_word' id='word_1_240' title='bbox 291 3279 324 3338; x_wconf 89' lang='lat' dir='ltr'>Si</span> <span class='ocrx_word' id='word_1_241' title='bbox 355 3289 460 3338; x_wconf 84' lang='lat' dir='ltr'>eutem</span> <span class='ocrx_word' id='word_1_242' title='bbox 493 3281 525 3338; x_wconf 90' lang='lat' dir='ltr'>in</span> <span class='ocrx_word' id='word_1_243' title='bbox 556 3297 666 3357; x_wconf 87' lang='lat' dir='ltr'>campo</span> <span class='ocrx_word' id='word_1_244' title='bbox 689 3278 744 3337; x_wconf 92' lang='lat' dir='ltr'>ubi</span> <span class='ocrx_word' id='word_1_245' title='bbox 769 3279 857 3360; x_wconf 84' lang='lat' dir='ltr'>prius</span> <span class='ocrx_word' id='word_1_246' title='bbox 885 3301 994 3360; x_wconf 75' lang='lat' dir='ltr'>pugna</span> <span class='ocrx_word' id='word_1_247' title='bbox 1020 3287 1087 3338; x_wconf 85' lang='lat' dir='ltr'>orte</span> <span class='ocrx_word' id='word_1_248' title='bbox 1111 3275 1227 3354; x_wconf 81' lang='lat' dir='ltr'>fuerit,</span> 
     </span>
     <span class='ocr_line' id='line_1_33' title="bbox 123 3360 1227 3443; baseline -0.003 -21"><span class='ocrx_word' id='word_1_249' title='bbox 123 3362 170 3422; x_wconf 88' lang='lat' dir='ltr'>ibi</span> <span class='ocrx_word' id='word_1_250' title='bbox 192 3372 314 3421; x_wconf 86' lang='lat' dir='ltr'>restant</span> <span class='ocrx_word' id='word_1_251' title='bbox 331 3383 428 3443; x_wconf 89' lang='lat' dir='ltr'>super</span> <span class='ocrx_word' id='word_1_252' title='bbox 449 3371 610 3423; x_wconf 89' lang='lat' dir='ltr'>mortuum</span> <span class='ocrx_word' id='word_1_253' title='bbox 628 3381 733 3434; x_wconf 88' lang='lat' dir='ltr'>suum,</span> <span class='ocrx_word' id='word_1_254' title='bbox 756 3372 788 3420; x_wconf 86' lang='lat' dir='ltr'>et</span> <span class='ocrx_word' id='word_1_255' title='bbox 808 3383 872 3420; x_wconf 90' lang='lat' dir='ltr'>non</span> <span class='ocrx_word' id='word_1_256' title='bbox 894 3371 969 3421; x_wconf 85' lang='lat' dir='ltr'>sunt</span> <span class='ocrx_word' id='word_1_257' title='bbox 994 3361 1151 3422; x_wconf 86' lang='lat' dir='ltr'>secuti&#39;in</span> <span class='ocrx_word' id='word_1_258' title='bbox 1167 3360 1227 3420; x_wconf 89' lang='lat' dir='ltr'>do·</span> 
     </span>
     <span class='ocr_line' id='line_1_34' title="bbox 123 3442 1231 3529; baseline -0.005 -23"><span class='ocrx_word' id='word_1_259' title='bbox 123 3465 224 3520; x_wconf 91' lang='lat' dir='ltr'>mum,</span> <span class='ocrx_word' id='word_1_260' title='bbox 247 3453 278 3504; x_wconf 91' lang='lat' dir='ltr'>et</span> <span class='ocrx_word' id='word_1_261' title='bbox 298 3455 406 3526; x_wconf 82' lang='lat' dir='ltr'>postea</span> <span class='ocrx_word' id='word_1_262' title='bbox 424 3445 555 3506; x_wconf 86' lang='lat' dir='ltr'>mittunt</span> <span class='ocrx_word' id='word_1_263' title='bbox 578 3442 611 3500; x_wconf 90' lang='lat' dir='ltr'>in</span> <span class='ocrx_word' id='word_1_264' title='bbox 635 3442 773 3518; x_wconf 85' lang='lat' dir='ltr'>vicinio,</span> <span class='ocrx_word' id='word_1_265' title='bbox 800 3453 830 3502; x_wconf 88' lang='lat' dir='ltr'>ct</span> <span class='ocrx_word' id='word_1_266' title='bbox 853 3453 1050 3526; x_wconf 73' lang='lat' dir='ltr'>congregant</span> <span class='ocrx_word' id='word_1_267' title='bbox 1072 3465 1173 3525; x_wconf 87' lang='lat' dir='ltr'>pares,</span> <span class='ocrx_word' id='word_1_268' title='bbox 1196 3443 1231 3529; x_wconf 79' lang='lat' dir='ltr'>et</span> 
     </span>
     <span class='ocr_line' id='line_1_35' title="bbox 123 3526 1228 3612; baseline -0.004 -26"><span class='ocrx_word' id='word_1_269' title='bbox 123 3537 260 3612; x_wconf 84' lang='lat' dir='ltr'>pausant</span> <span class='ocrx_word' id='word_1_270' title='bbox 279 3549 363 3586; x_wconf 85' lang='lat' dir='ltr'>arma</span> <span class='ocrx_word' id='word_1_271' title='bbox 380 3549 436 3587; x_wconf 86' lang='lat' dir='ltr'>suu</span> <span class='ocrx_word' id='word_1_272' title='bbox 462 3529 564 3590; x_wconf 86' lang='lat' dir='ltr'>iesum</span> <span class='ocrx_word' id='word_1_273' title='bbox 588 3532 648 3599; x_wconf 85' lang='lat' dir='ltr'>o),</span> <span class='ocrx_word' id='word_1_274' title='bbox 673 3537 705 3586; x_wconf 90' lang='lat' dir='ltr'>et</span> <span class='ocrx_word' id='word_1_275' title='bbox 730 3536 838 3607; x_wconf 73' lang='lat' dir='ltr'>posteri</span> <span class='ocrx_word' id='word_1_276' title='bbox 862 3526 1024 3588; x_wconf 83' lang='lat' dir='ltr'>hostiliter</span> <span class='ocrx_word' id='word_1_277' title='bbox 1046 3535 1228 3606; x_wconf 86' lang='lat' dir='ltr'>sequuntur</span> 
     </span>
     <span class='ocr_line' id='line_1_36' title="bbox 125 3605 1229 3688; baseline -0.004 -17"><span class='ocrx_word' id='word_1_278' title='bbox 125 3631 200 3671; x_wconf 87' lang='lat' dir='ltr'>eum</span> <span class='ocrx_word' id='word_1_279' title='bbox 225 3611 258 3668; x_wconf 87' lang='lat' dir='ltr'>in</span> <span class='ocrx_word' id='word_1_280' title='bbox 282 3609 421 3688; x_wconf 88' lang='lat' dir='ltr'>domum,</span> <span class='ocrx_word' id='word_1_281' title='bbox 444 3621 475 3672; x_wconf 88' lang='lat' dir='ltr'>et</span> <span class='ocrx_word' id='word_1_282' title='bbox 498 3613 524 3674; x_wconf 91' lang='lat' dir='ltr'>si</span> <span class='ocrx_word' id='word_1_283' title='bbox 546 3629 618 3672; x_wconf 86' lang='lat' dir='ltr'>eum</span> <span class='ocrx_word' id='word_1_284' title='bbox 640 3614 709 3668; x_wconf 84' lang='lat' dir='ltr'>tum</span> <span class='ocrx_word' id='word_1_285' title='bbox 730 3609 917 3687; x_wconf 80' lang='lat' dir='ltr'>occiderint,</span> <span class='ocrx_word' id='word_1_286' title='bbox 940 3631 1056 3678; x_wconf 76' lang='lat' dir='ltr'>norem</span> <span class='ocrx_word' id='word_1_287' title='bbox 1083 3605 1229 3688; x_wconf 80' lang='lat' dir='ltr'>weregil-</span> 
     </span>
     <span class='ocr_line' id='line_1_37' title="bbox 125 3693 408 3774; baseline -0.011 -21"><span class='ocrx_word' id='word_1_288' title='bbox 125 3693 184 3754; x_wconf 89' lang='lat' dir='ltr'>dos</span> <span class='ocrx_word' id='word_1_289' title='bbox 206 3702 408 3774; x_wconf 80' lang='lat' dir='ltr'>componant,</span> 
     </span>
    </p>
   </div>
   <div class='ocr_carea' id='block_1_11' title="bbox 124 3855 1230 4354">
    <p class='ocr_par' dir='ltr' id='par_1_14' title="bbox 124 3855 1230 4354">
     <span class='ocr_line' id='line_1_38' title="bbox 195 3855 1229 3936; baseline 0.003 -20"><span class='ocrx_word' id='word_1_290' title='bbox 195 3865 224 3934; x_wconf 85' lang='lat' dir='ltr'>iz)</span> <span class='ocrx_word' id='word_1_291' title='bbox 241 3865 340 3916; x_wconf 88' lang='lat' dir='ltr'>Melius</span> <span class='ocrx_word' id='word_1_292' title='bbox 360 3864 486 3923; x_wconf 85' lang='lat' dir='ltr'>Schilter.</span> <span class='ocrx_word' id='word_1_293' title='bbox 505 3863 643 3936; x_wconf 81' lang='lat' dir='ltr'>quoditie</span> <span class='ocrx_word' id='word_1_294' title='bbox 662 3864 739 3916; x_wconf 81' lang='lat' dir='ltr'>ltomo</span> <span class='ocrx_word' id='word_1_295' title='bbox 760 3877 825 3918; x_wconf 83' lang='lat' dir='ltr'>tunc</span> <span class='ocrx_word' id='word_1_296' title='bbox 842 3883 899 3917; x_wconf 85' lang='lat' dir='ltr'>nou</span> <span class='ocrx_word' id='word_1_297' title='bbox 913 3855 1017 3918; x_wconf 80' lang='lat' dir='ltr'>tateai</span> <span class='ocrx_word' id='word_1_298' title='bbox 1034 3867 1174 3916; x_wconf 80' lang='lat' dir='ltr'>licentiam</span> <span class='ocrx_word' id='word_1_299' title='bbox 1195 3865 1229 3920; x_wconf 83' lang='lat' dir='ltr'>de</span> 
     </span>
     <span class='ocr_line' id='line_1_39' title="bbox 126 3934 1227 4004; baseline -0.001 -17"><span class='ocrx_word' id='word_1_300' title='bbox 126 3952 212 3988; x_wconf 82' lang='lat' dir='ltr'>causa</span> <span class='ocrx_word' id='word_1_301' title='bbox 239 3937 289 3986; x_wconf 85' lang='lat' dir='ltr'>illa</span> <span class='ocrx_word' id='word_1_302' title='bbox 308 3934 430 3986; x_wconf 72' lang='lat' dir='ltr'>iurandi</span> <span class='ocrx_word' id='word_1_303' title='bbox 504 3939 535 3999; x_wconf 89' lang='lat' dir='ltr'>i)</span> <span class='ocrx_word' id='word_1_304' title='bbox 556 3936 661 3986; x_wconf 86' lang='lat' dir='ltr'>Desunt</span> <span class='ocrx_word' id='word_1_305' title='bbox 685 3935 714 3984; x_wconf 93' lang='lat' dir='ltr'>in</span> <span class='ocrx_word' id='word_1_306' title='bbox 739 3936 805 3987; x_wconf 86' lang='lat' dir='ltr'>Met.</span> <span class='ocrx_word' id='word_1_307' title='bbox 833 3945 861 3988; x_wconf 85' lang='lat' dir='ltr'>et</span> <span class='ocrx_word' id='word_1_308' title='bbox 888 3936 993 3988; x_wconf 81' lang='lat' dir='ltr'>Thoan.</span> <span class='ocrx_word' id='word_1_309' title='bbox 1057 3934 1090 4004; x_wconf 79' lang='lat' dir='ltr'>ir)</span> <span class='ocrx_word' id='word_1_310' title='bbox 1113 3937 1227 3986; x_wconf 77' lang='lat' dir='ltr'>Putean„</span> 
     </span>
     <span class='ocr_line' id='line_1_40' title="bbox 124 4004 1228 4076; baseline 0.001 -20"><span class='ocrx_word' id='word_1_311' title='bbox 124 4007 258 4076; x_wconf 81' lang='lat' dir='ltr'>probatus</span> <span class='ocrx_word' id='word_1_312' title='bbox 277 4018 400 4059; x_wconf 83' lang='lat' dir='ltr'>nonest.</span> <span class='ocrx_word' id='word_1_313' title='bbox 472 4005 498 4074; x_wconf 91' lang='lat' dir='ltr'>l)</span> <span class='ocrx_word' id='word_1_314' title='bbox 521 4004 646 4056; x_wconf 88' lang='lat' dir='ltr'>Corbion.</span> <span class='ocrx_word' id='word_1_315' title='bbox 675 4008 817 4058; x_wconf 74' lang='lat' dir='ltr'>excolare.</span> <span class='ocrx_word' id='word_1_316' title='bbox 848 4051 852 4056; x_wconf 92' lang='grc'><em>,</em></span> <span class='ocrx_word' id='word_1_317' title='bbox 889 4006 925 4076; x_wconf 89' lang='lat' dir='ltr'>m)</span> <span class='ocrx_word' id='word_1_318' title='bbox 949 4005 1015 4058; x_wconf 87' lang='lat' dir='ltr'>Cod.</span> <span class='ocrx_word' id='word_1_319' title='bbox 1036 4021 1107 4070; x_wconf 58' lang='lat' dir='ltr'>reg„</span> <span class='ocrx_word' id='word_1_320' title='bbox 1127 4005 1179 4056; x_wconf 90' lang='lat' dir='ltr'>Til.</span> <span class='ocrx_word' id='word_1_321' title='bbox 1199 4013 1228 4057; x_wconf 84' lang='lat' dir='ltr'>et</span> 
     </span>
     <span class='ocr_line' id='line_1_41' title="bbox 126 4075 1229 4146; baseline 0.001 -20"><span class='ocrx_word' id='word_1_322' title='bbox 126 4075 238 4126; x_wconf 88' lang='lat' dir='ltr'>Herold.</span> <span class='ocrx_word' id='word_1_323' title='bbox 268 4077 299 4126; x_wconf 86' lang='lat' dir='ltr'>in</span> <span class='ocrx_word' id='word_1_324' title='bbox 318 4076 433 4146; x_wconf 81' lang='lat' dir='ltr'>placito.</span> <span class='ocrx_word' id='word_1_325' title='bbox 504 4083 537 4139; x_wconf 83' lang='lat' dir='ltr'>n)</span> <span class='ocrx_word' id='word_1_326' title='bbox 554 4076 654 4128; x_wconf 88' lang='lat' dir='ltr'>Melius</span> <span class='ocrx_word' id='word_1_327' title='bbox 673 4077 782 4126; x_wconf 89' lang='lat' dir='ltr'>Herold.</span> <span class='ocrx_word' id='word_1_328' title='bbox 802 4089 828 4128; x_wconf 85' lang='lat' dir='ltr'>et</span> <span class='ocrx_word' id='word_1_329' title='bbox 844 4076 921 4130; x_wconf 86' lang='lat' dir='ltr'>illum</span> <span class='ocrx_word' id='word_1_330' title='bbox 937 4089 1065 4146; x_wconf 81' lang='lat' dir='ltr'>parentes</span> <span class='ocrx_word' id='word_1_331' title='bbox 1084 4076 1169 4126; x_wconf 85' lang='lat' dir='ltr'>occisi</span> <span class='ocrx_word' id='word_1_332' title='bbox 1186 4093 1229 4127; x_wconf 81' lang='lat' dir='ltr'>se·</span> 
     </span>
     <span class='ocr_line' id='line_1_42' title="bbox 126 4139 1230 4220; baseline -0.003 -23"><span class='ocrx_word' id='word_1_333' title='bbox 126 4159 260 4216; x_wconf 83' lang='lat' dir='ltr'>quuntur.</span> <span class='ocrx_word' id='word_1_334' title='bbox 331 4145 491 4212; x_wconf 4' lang='lat' dir='ltr'>oJJRHerold.</span> <span class='ocrx_word' id='word_1_335' title='bbox 519 4148 613 4199; x_wconf 86' lang='lat' dir='ltr'>losum.</span> <span class='ocrx_word' id='word_1_336' title='bbox 657 4145 782 4198; x_wconf 81' lang='lat' dir='ltr'>Schilter.</span> <span class='ocrx_word' id='word_1_337' title='bbox 811 4139 997 4220; x_wconf 69' lang='lat' dir='ltr'>orrasueiit,</span> <span class='ocrx_word' id='word_1_338' title='bbox 1025 4146 1072 4197; x_wconf 81' lang='lat' dir='ltr'>ubi</span> <span class='ocrx_word' id='word_1_339' title='bbox 1095 4147 1230 4196; x_wconf 74' lang='lat' dir='ltr'>mortuum</span> 
     </span>
     <span class='ocr_line' id='line_1_43' title="bbox 125 4217 1230 4289; baseline 0 -23"><span class='ocrx_word' id='word_1_340' title='bbox 125 4233 209 4285; x_wconf 80' lang='lat' dir='ltr'>super</span> <span class='ocrx_word' id='word_1_341' title='bbox 227 4218 397 4278; x_wconf 81' lang='lat' dir='ltr'>exsteterint,</span> <span class='ocrx_word' id='word_1_342' title='bbox 418 4229 443 4269; x_wconf 85' lang='lat' dir='ltr'>et</span> <span class='ocrx_word' id='word_1_343' title='bbox 458 4230 589 4270; x_wconf 82' lang='lat' dir='ltr'>nonsunt</span> <span class='ocrx_word' id='word_1_344' title='bbox 606 4217 683 4269; x_wconf 87' lang='lat' dir='ltr'>illum</span> <span class='ocrx_word' id='word_1_345' title='bbox 709 4217 806 4279; x_wconf 76' lang='lat' dir='ltr'>secuti,</span> <span class='ocrx_word' id='word_1_346' title='bbox 831 4230 857 4271; x_wconf 78' lang='lat' dir='ltr'>et</span> <span class='ocrx_word' id='word_1_347' title='bbox 884 4227 1054 4289; x_wconf 69' lang='lat' dir='ltr'>congregant</span> <span class='ocrx_word' id='word_1_348' title='bbox 1070 4232 1172 4288; x_wconf 76' lang='lat' dir='ltr'>parea,</span> <span class='ocrx_word' id='word_1_349' title='bbox 1203 4225 1230 4266; x_wconf 78' lang='lat' dir='ltr'>ct</span> 
     </span>
     <span class='ocr_line' id='line_1_44' title="bbox 124 4287 1214 4354; baseline 0.003 -17"><span class='ocrx_word' id='word_1_350' title='bbox 124 4291 246 4354; x_wconf 76' lang='lat' dir='ltr'>pausant</span> <span class='ocrx_word' id='word_1_351' title='bbox 263 4289 403 4353; x_wconf 56' lang='lat' dir='ltr'>aretine!</span> <span class='ocrx_word' id='word_1_352' title='bbox 419 4287 557 4344; x_wconf 73' lang='lat' dir='ltr'>hostiliter</span> <span class='ocrx_word' id='word_1_353' title='bbox 574 4296 623 4343; x_wconf 77' lang='lat' dir='ltr'>etc.</span> <span class='ocrx_word' id='word_1_354' title='bbox 1163 4298 1167 4327; x_wconf 68' lang='grc' dir='ltr'>ἵ</span> <span class='ocrx_word' id='word_1_355' title='bbox 1193 4295 1214 4320; x_wconf 60' lang='lat' dir='ltr'>o</span> 
     </span>
    </p>
   </div>
   <div class='ocr_carea' id='block_1_12' title="bbox 0 0 1460 5008">
    <p class='ocr_par' dir='ltr' id='par_1_15' title="bbox 0 0 1460 5008">
     <span class='ocr_line' id='line_1_45' title="bbox 0 0 1460 5008; baseline 0 0"><span class='ocrx_word' id='word_1_356' title='bbox 0 0 1460 5008; x_wconf 95' lang='lat' dir='ltr'> </span> 
     </span>
    </p>
   </div>
  </div>
 </body>
</html>
