2906 5008
205 281 284 378 182
379 301 487 374 neers
503 305 774 378 mruvsaronuu
809 309 880 364 aar.
900 311 959 366 xv.
995 311 1069 365 aar.
1091 311 1141 372 rr.

206 445 401 509 streames
421 442 598 508 contulerit
621 445 808 532 facultates,
836 459 869 511 et
883 447 968 511 laeec'
980 449 1133 529 deinceps
1152 448 1187 510 iu
1203 449 1322 512 vidui·-w

206 536 271 590 tate
291 527 447 612 persistit,
469 536 501 588 et
523 529 709 591 memoriam
739 531 843 592 mariti
872 553 948 593 eura
972 533 1129 618 pudicitia
1160 533 1319 597 castitatis

206 610 371 690 observat,
413 609 520 672 omnia
543 633 625 752 quae
655 635 674 672 a
701 613 817 676 marito
838 614 868 676 ei
897 624 972 678 sunt
998 618 1115 678 donata
1135 615 1317 698 possideat,

206 702 240 756 at
263 714 300 756 ea
323 694 357 754 in
391 714 486 776 quem
509 694 652 756 venerit
677 716 736 779 pro
756 718 815 757 suo
839 697 909 760 iure
929 697 1140 762 transfundat.

212 795 218 805 ⁴
252 785 266 811 ““·
287 777 346 840 IV.
388 775 484 854 Quod
509 775 536 836 si
560 777 692 840 maritus
721 787 753 838 et
777 779 896 840 mulier
927 780 997 842 siue
1030 778 1165 841 heredes
1192 779 1315 840 mortui

203 859 344 939 inerint,
370 867 401 920 et
421 857 531 919 nullus
567 879 669 943 usque
698 861 738 922 ad
762 861 931 944 septimum
957 863 1090 945 gradum
1108 860 1149 922 de
1175 863 1314 944 propin-

203 944 277 1022 qnls
297 952 330 1004 et
351 940 598 1025 quibuscunque
617 943 804 1028 parentibus
831 944 1017 1027 invenitur,
1053 954 1131 1006 tuuc
1163 943 1238 1008 illas
1260 961 1316 1006 res

204 1025 301 1089 naeus
328 1022 486 1108 adquirat.

449 1203 539 1280 TIT·
564 1205 653 1286 XV.
700 1207 761 1280 De
783 1205 1062 1285 venditionibus.

401 1373 477 1442 Car.
497 1375 525 1436 1.
565 1371 691 1456 Siquis
711 1393 761 1436 res
776 1355 898 1436 alienas
924 1370 1110 1436 vendiderit.

286 1485 313 1551 I.
353 1487 476 1570 Siquis
496 1487 680 1549 vendiderit
700 1510 751 1550 res
773 1489 893 1551 alienas
909 1488 979 1550 sine
996 1487 1160 1551 voluntate
1183 1477 1310 1552 domiui

203 1568 265 1649 eui,
286 1577 342 1648 put
362 1591 502 1647 serrum,
524 1579 580 1631 aut
600 1569 761 1649 ancillam,
783 1580 838 1631 aut
863 1570 1122 1652 qualemcunque
1143 1591 1235 1652 rem,
1256 1575 1310 1658 ip·

204 1673 281 1714 sam>
314 1674 350 1714 er
371 1654 476 1736 legem
495 1654 630 1732 reddat;
651 1662 683 1714 et
700 1653 902 1716 consimilem
921 1653 1017 1712 aliam
1036 1653 1141 1718 addat.

241 1675 329 1882 wll.
368 1737 412 1798 Et
431 1736 458 1798 si
473 1735 579 1821 ipsum
603 1756 670 1796 uon
694 1745 799 1821 potest
820 1735 983 1816 invenire,
1011 1733 1092 1798 daos
1121 1737 1310 1802 consimiles

134 1847 137 1854 ·
202 1838 240 1881 re
286 1827 327 1880 at.

367 1934 441 1998 Cer.
464 1933 509 1998 11.
550 1931 678 2018 Siquis
700 1933 927 2016 possessionem
952 1929 1140 2000 vendiderit.
1201 1988 1203 1994 ,

252 2107 255 2114 .
283 2049 311 2113 Ι.
351 2051 386 2112 Si
408 2049 480 2132 quis
502 2050 685 2112 vendiderit
697 2049 929 2134 possessionem
949 2072 1038 2112 suam
1056 2047 1165 2127 alieni,
1186 2053 1307 2112 terram

202 2134 334 2211 cultam,
359 2155 423 2194 non
448 2133 577 2208 cultam,
599 2144 700 2215 prata,
722 2132 776 2195 vel
802 2133 914 2210 silras,
947 2143 1019 2216 post
1038 2143 1205 2213 acceptum
1227 2155 1305 2214 pre-

200 2217 283 2276 tium
314 2225 370 2276 aut
408 2237 465 2298 per
495 2214 637 2276 chartam
663 2223 718 2275 aut
747 2236 807 2298 per
833 2223 929 2276 testes
962 2215 1186 2296 comprobetur
1213 2216 1305 2275 firma

201 2297 337 2380 emptio,
357 2297 414 2360 ille
439 2298 527 2360 testis
554 2319 612 2380 per
636 2298 747 2360 aurem
771 2296 870 2356 dehet
890 2319 958 2359 esse
982 2307 1123 2375 tractus,
1155 2298 1231 2380 quia
1257 2298 1305 2359 sic
1349 2297 1355 2312 ⁴

199 2379 297 2443 habet
317 2381 372 2442 lex
399 2375 507 2443 nostra
528 2388 571 2454 t).
609 2382 683 2443 Duo
706 2379 760 2442 vel
781 2387 846 2442 tres
864 2380 945 2458 (rel
964 2379 1099 2463 amplius
1124 2387 1160 2458 u)
1181 2381 1303 2442 debent

200 2483 268 2526 esse
283 2472 398 2616 lisstegi
420 2543 565 2606 venditio
578 2543 641 2605 init
658 2543 820 2608 violenter
832 2551 967 2621 extorta,
980 2543 1013 2606 id
1027 2548 1084 2624 est,
1105 2552 1195 2606 metu
1212 2565 1302 2605 mor-

198 2629 251 2710 tis,
274 2637 329 2691 aut
348 2637 412 2714 per‘
429 2624 617 2707 custodiam,
637 2628 730 2688 nulla
749 2627 873 2689 ratione
894 2627 983 2688 firma
1002 2627 1053 2689 sit.

363 2747 437 2808 Car.
459 2744 517 2812 lll.
557 2743 596 2804 Si
606 2767 631 2811 ⁴a
647 2764 737 2806 servo
754 2744 860 2806 alieno
878 2742 1123 2826 comparaverit.

163 2881 166 2888 ·
279 2859 308 2928 I.
348 2860 382 2920 Si
414 2857 487 2944 quis
526 2881 545 2920 a
569 2881 664 2922 servo
688 2857 794 2920 alieno
821 2857 945 2942 aliquid
972 2858 1204 2940 comparaverit
1239 2879 1301 2922 ne·

198 2941 323 3005 sciente
343 2943 473 3003 domino
492 2963 561 3018 suo,
576 2942 601 3004 si
619 2941 766 3002 dominus
784 2941 905 3002 firmam
916 2961 984 3002 esse
1004 2941 1146 3001 noluerit
1167 2943 1301 3020 emptio·

199 3027 479 3169 ffinpatripddatur
501 3025 642 3110 pretium
671 3023 825 3108 emptori,
855 3032 889 3086 et
919 3022 1039 3108 emptio
1070 3021 1154 3084 nihil
1183 3023 1300 3086 habeat

214 3227 216 3232 ,
274 3131 326 3253 ιΙΙ.
360 3156 402 3251 ⁸Si
423 3189 528 3273 ipsum
547 3207 612 3248 non
634 3185 740 3266 hahet,
762 3186 928 3250 consimile
945 3185 1073 3255 reddat.

392 3301 469 3368 Cae.
489 3300 547 3369 lv.
589 3302 637 3363 De
668 3299 849 3364 conditione
877 3299 1025 3366 venditae
1040 3303 1106 3364 rei.

277 3417 305 3486 Ι.
348 3415 506 3496 Quotiens
531 3415 570 3476 de
597 3415 725 3476 vendita
754 3436 790 3476 re
813 3415 978 3477 eontentio
1007 3426 1249 3491 commoretur,
1272 3419 1302 3482 ai·

199 3499 337 3569 alienam
363 3500 461 3561 fuisse
482 3497 680 3575 eonstiterit,
708 3496 917 3577 nullus1siue
945 3499 1067 3560 domini
1097 3501 1299 3584 praeiudicio

199 3592 370 3664 comparet.

204 3683 216 3713 ·-
271 3669 325 3730 ιΙιΙ.
364 3665 408 3726 Et
429 3661 559 3726 domino
590 3659 617 3722 is
645 3660 703 3742 qni
731 3659 869 3724 alienam
890 3665 1030 3726 vendere
1064 3665 1298 3760 praesumpsit,
1372 3689 1374 3694 ·

198 3747 334 3829 duplum
354 3756 487 3829 cogatur
508 3745 686 3821 exsolvere,
709 3743 920 3806 nihilomiuus
942 3751 1100 3830 emptori,
1122 3769 1179 3831 qur
1205 3769 1299 3809 acce-s

194 3831 265 3916 pitp
279 3830 418 3914 pretium
439 3828 638 3892 redditurus.

280 3911 339 3975 Ill.
380 3914 422 3973 Et
443 3909 599 3995 quicquid
620 3907 659 3968 ad
683 3918 879 3990 comparatae
903 3908 950 3971 rei
982 3915 1162 3994 prolectam
1191 3912 1300 3974 studio

196 4017 271 4060 suae
293 3993 438 4056 utilitatis
452 4003 576 4076 emptor
595 3989 758 4068 adiecerit,
779 3989 797 4049 d
817 3993 1132 4056 locoruruindieibns
1152 3999 1185 4072 v)
1206 3994 1299 4055 aesti-

200 4111 633 4132 ....-...----—···-

207 4230 211 4239 Δ
252 4169 290 4242 ,Al
309 4165 354 4242 ila,
372 4163 564 4236 metatttedit.
584 4165 628 4234 lex
646 4177 743 4218 restra.
789 4163 966 4236 ku)Desuut
991 4166 1021 4222 in
1047 4165 1154 4220 Herold.
1182 4173 1211 4219 et
1235 4166 1300 4236 plu.

115 4243 121 4255 ’“
197 4228 384 4294 enitentes
446 4229 473 4305 ν)
490 4229 597 4288 Herold.
619 4233 694 4306 apud
709 4233 962 4308 iocorqmiqdicpr.
1077 4289 1079 4296 ¹
1120 4289 1122 4299 1
1297 4285 1300 4290 ,
