2826 4998
399 315 851 378 transmutantur.
1144 290 1191 378 73

93 465 202 524 luntate
220 467 273 520 tua
291 457 377 520 solve
397 454 522 518 homini
538 454 609 532 isto,
620 453 662 518 de
690 465 749 526 rat.
790 449 1001 520 TuneGrafio
1013 458 1191 534 congreget

93 567 124 607 eo
141 541 264 626 quodsi
282 539 376 601 fidem
392 537 511 615 fecisti,
527 545 559 598 et
578 537 662 618 elige
691 559 800 602 seeum
829 546 952 618 septem
986 531 1188 598 Rachinbur·

92 628 161 687 duos
176 645 214 684 ex
233 622 282 683 his
303 643 382 704 quos
401 618 561 696 volueris,
592 619 662 701 qui·
692 621 759 704 gios
778 622 792 680 i
803 625 817 691 'J
839 619 984 694 idoneos,
998 624 1031 680 et
1047 637 1121 677 curu
1140 615 1189 698 ip·

91 708 140 768 bus
157 728 227 766 eum
246 704 333 786 quod
347 702 471 765 solvere
488 700 596 778 debes,
611 700 665 760 ad·
691 703 733 768 sis
757 702 798 764 ad
819 705 922 762 oasam
947 699 1036 766 illius
1057 697 1190 758 fideius-

91 789 235 872 pretiato,
268 795 301 846 et
327 785 389 846 hoe
422 783 509 865 quod
548 783 662 860 debes,
692 783 771 848 soris
786 783 914 860 veniat,
937 789 969 843 et
987 791 1079 863 roget
1102 799 1187 858 eum,

91 870 252 932 secundum
289 868 407 928 iustum
440 862 664 947 pretiumsol-
691 868 717 934 si
736 887 885 949 praeseus
905 871 968 942 est,
998 865 1039 924 ita
1058 861 1186 926 dicens:

92 975 124 1014 re
148 972 181 1011 ae
209 949 343 1020 satisfac,
385 945 482 1026 Quod
501 945 527 1008 si
552 945 663 1006 audire
692 951 757 1011 Per
776 948 963 1009 voluntatem
989 957 1072 1008 tuam
1098 944 1187 1006 solve

92 1033 217 1094 noluerit
230 1052 399 1116 praeseus,
428 1036 484 1088 aut
508 1027 535 1089 si
552 1027 664 1089 absens
692 1031 812 1092 domini
824 1030 890 1100 isti,
913 1027 952 1088 de
965 1049 1025 1112 quo
1042 1025 1188 1110 eifidem

90 1115 196 1191 fuerit,
227 1114 333 1176 statim
351 1110 583 1190 Rathimburgii
608 1108 664 1170 ad·
684 1111 805 1196 fecisti,
820 1123 851 1174 et
866 1110 954 1193 quod
965 1109 1059 1170 deles
1074 1127 1189 1178 secun-

91 1197 215 1280 preciato
225 1196 340 1279 pretio,
351 1213 383 1258 et
396 1192 483 1276 quod
495 1191 602 1254 debito
615 1211 666 1252 se-
693 1193 767 1256 dum
781 1195 917 1278 pretium
939 1193 1074 1272 legitime
1084 1189 1189 1278 preci·

93 1279 219 1340 cundum
241 1279 360 1338 iustum
384 1273 522 1360 pretinm
546 1273 668 1336 satisfa-
693 1274 965 1355 atumsatissacere
976 1271 1075 1334 stude.
1090 1268 1188 1350 Quod

93 1361 162 1438 ciat,
181 1370 212 1420 et
231 1368 388 1441 quantum
410 1355 549 1418 valuerit
574 1354 663 1416 debi·
693 1359 720 1419 si
738 1367 819 1418 tune
841 1356 1017 1438 adimplere
1043 1352 1188 1416 noluerit

92 1452 147 1502 tum
166 1443 250 1522 quod
267 1441 376 1512 debet,
397 1438 460 1499 hoc
479 1438 518 1498 de
535 1439 666 1499 fortuna
693 1461 854 1524 praesens,
867 1447 922 1498 aut
940 1439 966 1500 si
986 1437 1098 1498 absens
1116 1437 1186 1498 fue·

92 1547 138 1586 sua
159 1525 258 1602 tollat,
278 1531 311 1584 et
329 1522 395 1606 ipsa
410 1521 481 1603 lege
501 1519 577 1582 duas
591 1541 664 1602 par·
693 1523 745 1598 rit,
764 1519 868 1584 statim
886 1517 1095 1602 Raginburgii
1114 1537 1186 1600 pre·

90 1617 130 1666 tes
147 1605 210 1683 ille,
231 1605 324 1666 euius
348 1624 454 1664 caussa
482 1611 548 1678 est,
575 1603 664 1665 adse
693 1603 1015 1686 eiumadpreeiatum,
1029 1609 1187 1682 quantum

91 1696 227 1761 revocet,
261 1696 292 1748 et
323 1685 451 1747 tertiam
471 1691 594 1766 partem
628 1683 664 1744 iu
694 1687 837 1757 debitum
856 1682 1185 1766 quoddebet,value·

91 1769 175 1830 Frido
194 1769 309 1830 Gravio
335 1767 375 1828 ad
406 1789 439 1827 se
474 1766 664 1848 recolligat,
692 1768 746 1847 rit,
758 1768 798 1829 de
817 1769 946 1831 fortuna
959 1765 1047 1827 illius
1061 1765 1186 1827 tollant.
1290 1773 1294 1784 ’

90 1851 112 1912 si
125 1860 219 1912 tamen
236 1849 352 1910 Fridus
367 1847 434 1911 rim'
451 1847 490 1909 de
502 1847 669 1932 ipsaeaus-
692 1852 734 1914 Et
759 1850 913 1911 sifredus
934 1858 1026 1909 antea
1056 1847 1095 1909 de
1117 1845 1186 1928 ipsa

90 1954 116 1994 sa
132 1955 189 1992 uon
213 1931 277 1992 fuit
295 1932 425 1996 solutus.
693 1954 786 1996 causa
797 1953 862 2004 non
874 1934 982 1993 fuerat
994 1929 1096 2006 datus,
1108 1927 1187 1989 duas

123 2013 174 2076 IV.
213 2013 375 2075 SiGravio
390 2011 541 2074 invitatus
552 2009 662 2084 fuerit,
692 2027 798 2099 partes
811 2015 879 2090 ille,
903 2011 994 2074 cuins
1015 2015 1185 2088 causaest,

91 2105 182 2156 etnon
193 2096 330 2172 venerit,
347 2095 374 2156 si
391 2094 495 2169 Samis
515 2115 662 2155 enmnon
692 2097 733 2161 ad
751 2117 783 2159 se
797 2104 938 2172 revocet,
956 2103 989 2155 et
1002 2093 1108 2156 Grafio
1122 2099 1187 2156 ter.

90 2177 261 2255 detinuerit,
284 2186 340 2238 aut
357 2185 443 2238 certa
461 2174 545 2237 ratio
565 2175 666 2236 domi·
692 2179 769 2240 tiam
788 2186 911 2261 partem
930 2176 1082 2244 obtineat.

91 2257 245 2320 nicaeum
269 2281 333 2321 non
364 2258 542 2334 distulerit,
569 2255 664 2318 ntibi
735 2261 793 2326 ΙΙΙ.
834 2258 868 2320 si
894 2268 1001 2320 antem
1025 2253 1189 2339 Grafiolt)

91 2361 145 2400 nou
166 2341 323 2418 ambulet,
350 2361 456 2422 neque
481 2340 606 2416 mittat,
629 2348 666 2400 ut
694 2342 739 2405 ibi
762 2341 915 2404 invitatus
945 2361 1010 2401 uon
1038 2340 1187 2421 venerit,

90 2443 152 2482 cum
182 2421 300 2484 institia
326 2421 474 2504 exigatur
497 2420 664 2500 debitum,
695 2433 727 2490 et
747 2424 866 2488 Sennis
887 2445 962 2484 eum
989 2422 1098 2505 aliqua
1118 2443 1187 2486 non

93 2513 138 2564 aut
154 2525 185 2565 se
205 2505 354 2584 redimat,
371 2513 427 2568 aut
449 2503 488 2569 de
502 2502 568 2568 vita
581 2524 665 2566 eom·
694 2507 893 2583 detinuerit,
914 2513 968 2564 aut
993 2516 1080 2566 certa
1102 2505 1187 2566 ratio

91 2593 183 2668 ponat.
695 2589 865 2665 dominica,
880 2585 947 2648 etsi
964 2585 1137 2664 distulerit,
1150 2594 1191 2652 ut

581 2744 587 2752 Χ
694 2671 737 2732 ibi
752 2692 817 2731 non
836 2666 987 2740 ambulet,
997 2688 1102 2750 neque
1115 2666 1192 2730 mit-

690 2760 748 2828 tat,
765 2761 801 2814 ut
816 2773 889 2814 cum
905 2748 1026 2810 iustitia
1041 2749 1195 2832 exigatur·

693 2835 857 2910 debitum,
890 2841 946 2893 aut
974 2851 1007 2892 se
1037 2831 1191 2911 redimat,
1221 2845 1224 2852 ’

695 2925 750 2980 unt
770 2917 809 2980 de
824 2915 891 2978 vita
910 2923 1089 2996 componat.

693 3033 784 3107 Tm
817 3031 921 3104 LIII.
971 3031 1031 3102 De
1054 3055 1098 3103 eo
1122 3032 1189 3126 qui

694 3131 907 3207 Grafionem
938 3132 1063 3212 adres
1090 3129 1187 3200 alie-

94 3263 172 3337 Ttt.
205 3197 307 3341 LIV}
358 3264 417 3338 De
435 3265 664 3344 Andocmito.
693 3257 756 3312 ¹¹³⁸
777 3229 1107 3421 mllindasdnffisoe
1130 3229 1189 3302 ‘5¹¹‘

822 3340 988 3402 vitaverit
1049 3380 1061 3406 .

126 3458 149 3518 l.
188 3457 222 3518 si
246 3458 318 3542 quis
341 3458 535 3522 Graviouem
552 3459 592 3520 ad
615 3479 667 3521 res
734 3454 761 3522 I.
802 3455 835 3516 Si
851 3456 923 3540 quis
939 3457 1123 3518 Grafiouem
1145 3449 1189 3517 ad

95 3537 202 3602 alienas
222 3540 400 3602 tollendum
419 3540 618 3618 invitaverit,
634 3549 668 3602 et
694 3559 746 3600 res
762 3539 882 3600 alienas
896 3538 1012 3599 iniuste
1026 3537 1191 3599 tollendas

96 3641 159 3680 eum
171 3621 325 3703 legittime
340 3622 515 3684 iaehtivum
538 3633 594 3683 aut
609 3621 666 3682 ad·
695 3619 889 3696 invitaverit,
905 3627 1077 3700 antequam
1100 3639 1191 3702 gasa-

95 3703 245 3762 mallatum
259 3725 324 3764 non
345 3703 504 3782 habuerit,
520 3703 578 3786 qui
593 3726 667 3766 eum
696 3701 805 3764 chium
823 3710 874 3774 m)
901 3721 993 3761 suum
1008 3703 1190 3762 seeundum

96 3792 184 3865 rogat,
204 3795 240 3848 ut
254 3786 374 3848 iniuste
389 3786 511 3869 aliquid
526 3787 618 3850 tollat
630 3787 667 3858 le)
690 3786 799 3868 'legem
814 3783 931 3844 habeat
941 3780 1192 3858 admallatumn)

98 3915 505 3932 ——w

154 3959 231 4032 t)1n
248 3979 328 4029 marg.
340 3961 448 4032 ¹fiscare
467 3963 571 4016 debeat.
635 3959 1045 4036 &TresPitlnllacinbnrgiou
1081 3953 1189 4016 Guelff.

97 4028 307 4103 ltreineburgios,
325 4034 541 4104 Ragimburgios.
578 4029 665 4088 Gloss.
684 4032 799 4086 Iudices.
847 4032 880 4100 t)
899 4032 985 4086 Gloss.
1006 4029 1108 4082 Comen
1158 4026 1189 4098 l)

98 4097 282 4154 tta-Panna
300 4101 489 4155 andoetemito.
560 4103 603 4170 m)
621 4104 709 4158 Gloss.
728 4099 916 4155 'causatorenn
988 4097 1017 4170 n)
1043 4098 1093 4150 Un-
1115 4096 1186 4152 Pith.

98 4179 230 4239 ameqrtam
244 4172 363 4294 Ιεῗίιίιηρ
378 4169 543 4255 admallatut
559 4181 609 4229 aut
616 4171 691 4248 fides
719 4173 832 4248 risaeta
842 4171 943 4246 suerit.
987 4167 1119 4238 utnon:
1136 4163 1187 4225 nd*

98 4238 225 4293 nullatum
242 4253 271 4298 vt
302 4237 472 4301 adiectwum.
