2826 4998
391 342 747 408 mmssiucerrir.
766 346 841 406 rm.
1129 331 1178 431 71Ι

93 485 155 549 iilos
174 480 267 556 debet
293 501 366 547 cum
385 482 538 564 testibus,
559 493 596 546 ut
618 482 659 548 de
689 484 785 548 serios
803 483 917 564 habet,
943 485 1090 550 mannire
1105 487 1182 552 illos

94 591 126 629 eo
145 567 227 649 quod
257 565 410 628 viderunt
441 565 661 628 testimonium
690 565 874 627 debetcum
896 567 1027 630 testibus
1048 569 1088 630 ed
1109 573 1181 654 pla-

94 649 267 733 praebcent;
289 656 322 707 et
344 645 370 720 si
398 646 511 708 venire
543 649 660 708 nolue-
690 647 806 724 citum,
828 657 864 707 ut
879 667 935 726 ee,
958 671 1040 731 quee
1063 652 1181 734 sciunt,

94 731 165 806 rint,
184 740 215 790 ct
234 750 288 789 eos
306 728 496 790 Sumismn
515 729 664 790 detinue-
690 729 832 790 iurantes
852 729 970 791 dicant.

94 810 352 892 rituumquisque
366 811 495 871 illorum
507 811 574 878 DC.
588 811 661 876 den.
733 812 775 877 II.
815 810 848 870 Si
862 832 939 872 vero
955 811 1186 878 noluerintvc·

96 891 142 974 qui
166 893 287 952 faciunt
308 891 401 961 solid.
419 892 494 960 XV.
521 890 663 978 culpabi·
693 892 777 969 nire,
798 901 830 953 et
844 913 898 953 eos
914 895 1027 958 sunnis
1046 917 1111 957 non
1132 898 1188 959 de·

95 977 127 1036 lis
141 973 307 1041 indicetur.
693 975 848 1050 tinuerit,
870 976 1090 1060 unusquisque
1115 979 1189 1040 illo-

693 1077 766 1120 rum
784 1056 851 1121 DC.
879 1056 953 1122 den.
981 1060 1038 1140 qui
1062 1061 1188 1122 faciunt
1285 1143 1288 1148 Ι

273 1195 282 1210 ,
695 1139 755 1204 eoi.
775 1137 849 1202 XV.
867 1138 954 1220 culp.
973 1140 1041 1204 iud.

129 1219 165 1287 II.
204 1219 237 1282 Si
248 1241 325 1282 vcro
339 1227 523 1302 praesentes
536 1218 569 1280 in
581 1217 669 1282 testi·
722 1218 795 1282 -111.
835 1219 871 1282 Si
899 1239 976 1282 vero
1004 1233 1187 1304 praesentes

97 1302 225 1364 monium
258 1301 383 1363 fuerint
408 1304 541 1382 vocati,
570 1310 602 1362 et
630 1321 667 1362 ea
697 1299 819 1364 fuerirrt
837 1301 877 1360 ad
898 1300 1190 1368 testimoniumm-

98 1385 668 1466 quacviderunt,testimoniumpree-
698 1381 781 1462 cati,
811 1391 844 1443 et
865 1383 1031 1444 noluerint
1051 1386 1189 1450 iurando

97 1466 161 1526 bere
173 1466 347 1542 noluerint,
358 1475 390 1526 ct
404 1465 588 1546 perhenniti
600 1465 671 1524 fue·
699 1465 806 1526 dicere
828 1484 881 1540 ce,
904 1485 986 1546 quae
1007 1467 1134 1546 cciunt,
1158 1477 1192 1531 et

98 1548 170 1626 rint,
190 1549 256 1614 DC.
274 1547 348 1608 den.
362 1547 417 1628 qui
432 1547 558 1610 faciunt
575 1545 670 1618 solid.
697 1544 875 1612 forbanniti
897 1545 1099 1630 a).fuerint,
1121 1551 1191 1624 DC.

99 1627 163 1696 XV.
183 1628 351 1716 culpabilis
372 1628 543 1702 iudicetur.
700 1627 775 1690 den.
808 1627 865 1708 qui
890 1627 1015 1690 faciunt
1040 1631 1100 1699 rol.
1122 1633 1191 1701 XV.

588 1717 591 1726 '
702 1709 925 1792 unusquisque
955 1708 1086 1776 illorum
1104 1715 1190 1802 culp.

701 1790 874 1864 Iudicetur.

347 1981 349 1991 ·
702 1942 793 2016 'I'rm
827 1943 910 2023 LII.
965 1944 1024 2018 De'
1052 1971 1096 2020 eo
1129 1951 1193 2044 qui

102 2050 180 2128 I'1r.
211 2043 314 2125 LIII.
363 2043 422 2118 De
455 2040 533 2119 fide
564 2041 672 2118 fecte.
702 2045 811 2118 fidem
832 2042 963 2116 factam
982 2045 1087 2116 alteri
1112 2050 1191 2120 red-

809 2142 897 2216 dere
917 2143 1086 2220 nolucrit.

135 2311 158 2377 1.
197 2309 228 2372 si
243 2309 317 2393 quis
331 2309 495 2394 ingenuus
511 2307 676 2372 euiLidus
743 2308 770 2377 Ι.
811 2307 845 2371 Si
867 2309 939 2394 quis
958 2314 1119 2395 ingenuus
1138 2321 1193 2374 aut

104 2392 186 2460 alteri
211 2395 306 2454 fidem
329 2392 459 2470 fecerit,
481 2403 514 2454 et
534 2392 677 2454 noluerit
703 2392 788 2455 Iidus
817 2393 911 2455 elteri
940 2393 1086 2461 fidemb)
1101 2396 1194 2460 ,fece-

103 2477 236 2552 solrere,
256 2484 335 2536 tunc
350 2475 407 2534 ille
425 2473 478 2535 cui
498 2474 576 2536 fides
593 2475 676 2534 facte
702 2475 756 2553 rit,
777 2483 856 2535 tunc
872 2475 940 2552 iile,
954 2477 1007 2536 cui
1030 2476 1110 2537 fides
1131 2478 1195 2536 fac·

105 2565 160 2633 est,
180 2555 213 2616 in
228 2565 337 2617 noctes
351 2555 438 2621 XIV.
455 2556 522 2617 sive
542 2557 608 2621 XL.
623 2564 678 2615 aut
702 2567 734 2619 te
749 2567 806 2634 est,
826 2556 895 2618 xL.
913 2566 1021 2618 noctes
1037 2566 1091 2616 aut
1109 2579 1193 2637 quo-

104 2639 251 2718 quomodo
260 2638 414 2718 placitum
429 2638 557 2715 fecerit,
580 2637 676 2717 isqui
702 2639 798 2701 modo
818 2638 970 2719 placitum
987 2638 1075 2714 fecit,
1096 2657 1195 2718 quen-

105 2721 190 2780 fidem
208 2720 317 2796 dedit,
348 2719 389 2779 ad
411 2719 541 2781 domum
568 2718 676 2795 iliius,
705 2719 1195 2796 dofldemeifecit,uddomum

106 2801 156 2882 qui
176 2799 267 2862 fidem
285 2799 428 2882 accepit,
453 2823 526 2861 cum
545 2800 677 2862 testibus
703 2803 791 2863 illius
805 2822 879 2861 cum
890 2801 1023 2862 testibus
1033 2801 1195 2862 ambulare

105 2882 203 2944 venire
222 2883 336 2959 debet,
363 2882 416 2944 vel
440 2903 513 2944 cum
539 2881 677 2964 illisqui
705 2884 818 2960 debet,
835 2883 885 2944 vel
910 2903 983 2942 cum
1012 2882 1103 2959 iilis,
1137 2882 1194 2962 qui

106 2965 237 3045 precium
257 2965 437 3045 adpretiare
466 2965 594 3031 debent.
643 2962 679 3024 Si
704 2963 845 3049 pretium
864 2964 1042 3046 adpretiere
1056 2963 1195 3044 debent,

108 3047 131 3106 is
147 3045 234 3108 fidem
248 3049 365 3106 factam
380 3046 522 3109 noluerit
541 3049 679 3118 solvere,
708 3057 740 3108 et
759 3045 785 3107 si
812 3047 953 3106 noluerit
970 3047 1065 3108 fidem
1081 3047 1197 3108 factam

108 3127 166 3192 DC.
185 3129 255 3189 den.
277 3129 335 3211 qui
353 3128 477 3190 faciunt
494 3129 587 3192 solid.
607 3127 681 3192 XV.
708 3129 851 3206 solvere,
881 3128 949 3194 DC.
975 3131 1048 3191 den.
1070 3130 1125 3208 qui
1153 3131 1198 3188 fa-

109 3209 184 3288 cqu.
204 3210 268 3270 iud.
708 3211 799 3272 ciunt
813 3212 870 3276 sol.
891 3210 960 3276 XV.
978 3211 1063 3292 culp.
1078 3211 1143 3271 iud.

145 3291 184 3356 11.
221 3291 255 3350 Si
272 3311 359 3354 ¹vero
378 3288 482 3353 adhuc
502 3315 597 3374 supra
618 3291 684 3352 dic·
751 3294 791 3353 II.
832 3292 865 3355 Si
882 3314 957 3354 cero
974 3293 1201 3375 edhucsupre-

110 3379 169 3430 tum
193 3372 334 3434 debitum
364 3373 489 3435 solvere
517 3374 681 3444 noluerit,
710 3376 830 3437 dIctum
845 3375 988 3435 debitum
1006 3377 1201 3437 solvereno-

112 3453 194 3514 dehet
209 3477 280 3516 eum
291 3457 424 3533 munire,
439 3467 471 3529 et
488 3455 684 3538 Nestigentio
710 3457 817 3536 luerit,
831 3457 926 3518 debet
944 3459 1071 3520 cumsic
1085 3457 1202 3519 admal-

112 3535 343 3598 sicadmaliare:
365 3539 453 3620 Rogo
473 3547 503 3598 te
522 3539 685 3614 Turrino,
712 3539 797 3599 lere:
819 3539 904 3616 Rogo
919 3553 961 3609 te,
975 3540 1085 3614 iudex,
1103 3553 1134 3598 ιιτ
1147 3542 1201 3600 Iro·

112 3627 145 3676 ut
161 3617 348 3700 Neistigante
363 3620 517 3680 Gaeechio
530 3641 636 3680 meum
650 3618 688 3677 iI-
712 3623 825 3680 minem
850 3621 939 3678 illum
966 3619 1200 3682 denominatum

114 3697 182 3776 Inm,
201 3702 256 3781 qui
279 3701 358 3760 mihi
381 3701 475 3761 iidem
486 3703 574 3780 fecit,
596 3699 687 3782 legit·
711 3705 925 3782 garachionem
937 3720 1048 3771 meum,
1071 3705 1124 3782 qni
1144 3705 1200 3761 mi·

114 3779 211 3840 timum
225 3784 311 3842 enim
332 3783 411 3842 mihi
430 3785 524 3845 debet
544 3783 686 3845 debitum
713 3781 855 3866 difidem
863 3779 958 3862 fecit,
981 3782 1020 3840 de
1038 3782 1143 3844 deddc
1156 3798 1201 3842 ea·
1229 3841 1231 3844 .

113 3869 163 3934 (ct
176 3865 335 3925 nominare
359 3865 463 3939 debet,
480 3867 575 3946 quale
594 3865 685 3928 debi-
712 3866 737 3926 li
756 3865 954 3927 denominato
974 3863 1140 3923 secundum
1155 3866 1203 3924 le..

113 3951 173 4002 tum
186 3945 306 4022 debeat,
320 3955 354 4006 et
366 3946 452 4007 unde
470 3947 565 4008 fidem
583 3947 684 4020 fecit]
712 3968 780 4028 gem
798 3947 935 4007 Salicem
952 3947 1029 4006 mihi
1044 3945 1117 4002 inde
1132 3967 1202 4004 eum

115 4025 276 4087 secundum
301 4028 420 4108 Legem
447 4028 686 4090 Salicemmihi
714 4028 901 4110 adstringam
940 4029 1034 4090 Tunc
1052 4027 1149 4088 iudex
1168 4037 1205 4111 c.)

117 4140 431 4162 w

135 4261 139 4271 Ι
174 4202 204 4262 a)
218 4196 320 4267 Quinq.
339 4196 413 4252 Pith.
427 4195 589 4264 perenutriri.
658 4203 690 4268 d)
706 4156 794 4266 led.
811 4197 865 4264 XI&
885 4192 917 4256 id
933 4199 1136 4278 eet-fideiussor
1150 4171 1200 4258 cci

121 4263 202 4319 nterii
248 4265 356 4336 mnan
375 4255 447 4328 Pide
468 4269 617 4326 ranzanus.
869 4327 875 4334 ,
1128 4293 1155 4336 γ
