2876 4992
415 343 529 406 euers,
540 341 787 398 anunnronon
804 342 878 398 rrr.
896 313 1000 397 cxxi.
1172 316 1245 394 t87

217 481 257 549 V.
298 480 332 544 si
358 483 430 565 quis
456 505 515 565 pro
542 483 722 546 hereditate
746 481 800 544 vel
820 502 880 563 pro
900 479 1100 562 ingenuitate
1119 489 1245 544 certare

135 565 281 646 coeperit
306 576 378 647 post
405 569 488 626 malo
511 568 625 628 ordine
652 589 674 648 p
677 575 698 639 J
724 586 798 627 curn
824 585 880 624 sex
903 563 935 622 in
959 564 1105 633 Ecclesia
1127 564 1244 626 conius

135 643 263 720 ret‚'et
284 669 358 708 cum
384 649 555 711 duodecim
576 650 617 710 ad
636 649 820 730 stappulum
841 646 937 728 Regis
958 646 990 705 in
1011 647 1133 709 circulo
1154 655 1186 708 et
1209 647 1243 706 in

134 728 222 788 hasla
243 739 284 814 q)
315 730 378 792 boc
403 740 451 794 est
476 731 509 791 in
542 754 646 808 ramo,
682 753 755 790 cum
775 731 949 792 verborum
971 729 1243 812 contemplatione

135 811 305 872 coniurare
327 814 463 879 studeat.
505 814 539 874 Si
562 836 625 874 non
650 813 896 896 adimpleverit,
919 833 992 872 cum
1016 813 1095 894 Iegis
1119 813 1245 874 benefi-

135 893 186 954 cio
211 897 368 958 restituat.
409 897 475 960 Aut
496 897 522 957 si
549 897 620 979 quis
650 919 723 957 eum
751 904 864 956 eontra
893 896 1053 978 prendere
1081 895 1244 972 voluerit,

136 987 192 1037 aut
218 1000 291 1038 eum
316 979 411 1040 armis
433 979 498 1040 suis
521 1001 554 1041 se
576 981 742 1042 defensare
768 979 894 1040 studeat
924 987 998 1038 ante
1022 978 1160 1060 Regem,
1189 985 1245 1041 eut

135 1081 262 1122 omnem
285 1062 510 1143 repetitionem
540 1084 613 1123 curn
636 1062 716 1144 legis
741 1060 903 1122 beneficio
927 1060 1084 1123 restituat.

135 1179 226 1250 ΤΙΤ.
251 1179 428 1253 LXVIII.
455 1168 561 1276 (70.)
610 1181 668 1250 De
694 1205 773 1250 osse
802 1181 1035 1272 superviam
1068 1191 1241 1274 sonante,

366 1281 427 1351 vel
460 1282 596 1372 absque
626 1279 802 1349 effusione
827 1280 1020 1369 sanguinis.
1117 1336 1118 1340 ,

216 1397 242 1461 1.
284 1396 318 1458 si
340 1397 413 1478 quis
434 1398 468 1457 in
496 1396 599 1480 capite
628 1397 680 1461 rel
709 1398 742 1458 in
770 1419 968 1479 quocunque
1000 1397 1079 1458 libet
1100 1397 1243 1462 membro

133 1480 279 1564 plagatus
298 1480 415 1556 fuerit,
438 1489 469 1540 et
488 1503 521 1541 os
543 1480 815 1558 exinde'exierit,
838 1482 924 1560 quod
948 1501 1044 1561 super
1064 1480 1148 1542 riam
1164 1481 1243 1542 duo·
1321 1483 1333 1493 “

134 1563 239 1623 decim
259 1562 378 1643 pedum
401 1561 435 1622 iu
456 1572 547 1624 scuto
568 1563 685 1623 iactum
709 1565 884 1640 sonaverit,
905 1562 1036 1646 triginta
1055 1585 1110 1625 sex
1130 1563 1243 1626 solidis

133 1645 237 1704 Iactus
257 1645 287 1704 ei
312 1654 351 1718 r)
372 1645 542 1726 culpabilis
561 1647 732 1706 iudicetur.
836 1642 839 1652 ¹
1064 1715 1066 1722 s

217 1729 259 1792 II.
301 1727 334 1785 Si
357 1738 463 1787 autem
485 1729 577 1808 plura
601 1751 669 1791 ossa
691 1729 850 1808 exierint,
875 1749 935 1812 pro
957 1749 1155 1812 unoquoque
1173 1747 1242 1792 osse

136 1819 271 1870 sonante
295 1811 416 1871 solidus
439 1811 584 1877 adtlatur,

218 1892 278 1954 III.
322 1895 419 1970 Quod
441 1893 466 1954 si
492 1895 612 1954 sactum
633 1893 819 1976 negaverit,
842 1893 931 1974 quod
955 1894 1027 1956 talis
1056 1895 1148 1978 plaga
1175 1915 1241 1954 non

132 1974 252 2050 fuerit,
283 1975 315 2034 in
340 1983 497 2058 quantum
525 1977 698 2037 confessus’
718 1977 834 2050 fuerit,
856 1976 960 2036 solvat
987 1988 1019 2038 et
1043 1978 1082 2039 de
1112 1977 1242 2058 reliquo

132 2078 207 2118 cum
220 2079 275 2118 sex
297 2059 391 2119 iuret.
433 2059 498 2118 Aut
515 2059 540 2119 si
559 2080 622 2118 nou
644 2059 763 2119 dixerit
780 2066 813 2130 s)
832 2058 964 2120 verbum
983 2069 1046 2120 tam
1062 2062 1128 2142 ipse
1146 2081 1243 2140 quam

131 2139 354 2202 coniuratores
378 2140 444 2217 sui,
472 2141 528 2223 qui
553 2141 658 2201 iurare
682 2150 860 2224 coeperunt
887 2150 938 2220 t),
962 2165 1036 2205 cum
1053 2142 1243 2226 quindecim

134 2222 246 2282 solidis
267 2225 448 2289 restituant.

198 2301 275 2365 ³IV.
320 2307 417 2383 Quod
438 2306 464 2366 si
488 2305 560 2388 quis
584 2305 702 2386 absque
730 2303 884 2366 effusione
912 2306 1076 2389 sanguinis
1103 2306 1136 2366 in
1162 2327 1242 2388 quo·

134 2407 264 2468 cunque
288 2388 370 2449 libet
390 2388 531 2448 membro
555 2411 588 2450 os
608 2388 758 2470 fregerit,
788 2387 1103 2468 octodecimlsolidis
1130 2391 1244 2470 eulpaz

133 2469 210 2530 bilis
235 2471 410 2547 iudicetur,
438 2483 493 2532 aut
518 2493 591 2531 curn
620 2493 675 2531 sex
709 2471 811 2547 iuret,
841 2469 930 2550 quod
954 2492 988 2532 os
1011 2473 1149 2534 fractum
1175 2493 1240 2532 non

134 2550 263 2628 fuisset,
289 2560 321 2612 et
341 2562 418 2613 tunc
445 2577 545 2614 unum
567 2554 704 2614 solidum
727 2559 906 2634 componat.

217 2636 257 2700 V.
298 2635 395 2712 Quod
416 2635 441 2696 si
464 2637 535 2718 quis
553 2637 672 2717 absque
693 2633 847 2695 effusione
867 2635 1032 2716 sanguinis
1052 2635 1150 2696 alium
1172 2634 1246 2694 bra-

135 2715 231 2792 cbio,
252 2719 354 2800 pede,
374 2719 493 2795 oculo,
515 2719 645 2795 auditu,
668 2725 815 2777 muccatu
837 2714 898 2800 n),
920 2716 971 2777 vel
990 2737 1186 2799 quocunque
1205 2717 1243 2776 li·

134 2799 190 2859 bet
210 2800 349 2860 membro
368 2803 583 2880 mancaverit,
605 2801 651 2863 sio
675 2822 750 2866 eum
773 2807 960 2881 componat,
979 2818 1014 2860 ac
1032 2801 1059 2862 si
1079 2821 1152 2865 curu
1173 2799 1242 2882 glag-

135 2881 191 2942 dio
213 2882 316 2963 ipsum
343 2883 548 2945 debilitasset.
1207 2881 1209 2888 ¹

134 2999 226 3074 TIT.
240 3000 382 3070 LXIX.
409 2998 515 3096 (71.)
565 3002 623 3071 De
637 3027 681 3072 eo
701 3003 763 3104 qui
786 3001 878 3093 Regi
895 2999 1055 3070 infidelis
1068 3001 1239 3072 extiterit.

217 3132 243 3194 Ι.
286 3129 320 3189 Si
346 3129 419 3210 quis
445 3129 541 3189 bomo
556 3130 640 3212 =Ilegi
663 3128 803 3190 infidelis
825 3129 984 3209 extiterit,
1009 3127 1049 3192 de
1068 3127 1241 3192 vitavcom·

131 3220 254 3296 ponat,
277 3222 309 3272 et
329 3233 438 3272 omnes
460 3233 512 3272 res
532 3211 600 3272 eius
623 3213 699 3274 fisco
721 3221 923 3273 censeantur.
1024 3247 1026 3254 ν

217 3295 259 3356 ΙΙ.
303 3295 336 3354 Si
362 3303 468 3354 autern
501 3294 572 3374 quis
606 3297 788 3376 proximum
826 3293 992 3376 sanguinis
1022 3293 1240 3372 interfecerit,

132 3376 186 3436 vel
211 3375 368 3437 incestum
389 3376 600 3454 commiserit,
630 3377 764 3438 exilium
791 3375 964 3456 sustineat,
993 3385 1025 3440 et
1056 3398 1166 3439 omnes
1190 3397 1242 3439 res

133 3459 202 3520 eius
230 3459 306 3520 fisco
328 3469 529 3521 censeantur.

183 3579 271 3648 TIT.
297 3578 420 3648 LXX.
447 3577 550 3672 (72.)
592 3563 658 3648 ‘De
676 3579 824 3648 homine
840 3577 971 3669 aligno
985 3578 1191 3650 interfecto.

213 3709 238 3770 Ι.
282 3708 315 3770 Si
335 3709 405 3790 quis
421 3708 516 3769 homo
535 3731 550 3768 a
571 3708 660 3788 ligno
674 3729 728 3768 seu
744 3693 937 3788 aliquolibet
951 3687 1157 3770 manufactile
1174 3711 1244 3772 fue·

130 3789 175 3850 rit
191 3790 402 3868 interfectus,
426 3812 490 3849 non
508 3792 663 3862 solvatur;
689 3791 750 3851 nisi
766 3792 850 3851 forte
869 3790 941 3872 quis
961 3801 1124 3851 auctorem
1138 3791 1243 3854 inter-

197 3965 234 4035 p)
252 3966 371 4030 Sangnll.
394 3977 501 4016 certare
527 3965 667 4034 coeperint
689 3977 751 4033 post
772 3965 844 4015 malo
871 3963 977 4017 ordine.
1005 3965 1071 4016 Met.
1092 3964 1241 4042 postrnalo

129 4031 191 4090 ord.
206 4038 395 4104 cooperirem
422 4034 476 4087 Til.
494 4046 559 4086 cert.
578 4053 652 4102 coep.
666 4053 717 4103 pro
737 4035 800 4085 nial.
821 4033 878 4086 ord.
901 4035 1011 4090 Herold.
1031 4046 1088 4086 cert
1108 4052 1178 4103 coep.
1190 4052 1241 4100 pro

128 4103 222 4154 mallo.
238 4104 345 4158 ordine.
371 4103 445 4154 tind.
459 4103 580 4154 cleartam
597 4105 731 4172 receperit
742 4123 793 4172 pro
807 4105 871 4161 mal.
888 4105 945 4157 ord.
999 4107 1040 4180 q)
1058 4105 1148 4157 Guelf.
1160 4111 1187 4154 ct
1200 4101 1242 4154 Sl-

129 4173 223 4227 chord.
239 4174 326 4226 baslo.
340 4175 392 4226 Til.
410 4172 481 4226 asle.
499 4174 581 4225 Goth.
598 4175 709 4228 cellere.
756 4173 790 4241 r)
809 4174 1005 4246 Lindsactum
1019 4176 1088 4232 eius.
1143 4167 1243 4244 sJCod,

128 4243 261 4364 regtMet.
277 4245 440 4384 {admittet
453 4243 572 4370 tquroqld.
585 4241 799 4368 όὲἒεκειιεῑᾶζῌξ.
809 4242 961 4318 direpserit.
1018 4255 1029 4298 t
1044 4245 1058 4318 )
1073 4242 1237 4329 'Illi-delrnq.
1271 4251 1275 4266 .

100 4330 204 4383 ,rath
258 4333 276 4367 u
338 4333 382 4371 ero
415 4328 452 4370 ‚e
503 4331 598 4371 tna
638 4329 701 4367 un:
739 4331 818 4386 egio.
1161 4325 1172 4344 ²
