<?xml version="1.0" encoding="UTF-8"?>
<!DOCTYPE html PUBLIC "-//W3C//DTD XHTML 1.0 Transitional//EN"
    "http://www.w3.org/TR/xhtml1/DTD/xhtml1-transitional.dtd">
<html xmlns="http://www.w3.org/1999/xhtml" xml:lang="en" lang="en">
 <head>
  <title>
</title>
<meta http-equiv="Content-Type" content="text/html;charset=utf-8" />
  <meta name='ocr-system' content='tesseract 3.04.00' />
  <meta name='ocr-capabilities' content='ocr_page ocr_carea ocr_par ocr_line ocrx_word'/>
</head>
<body>
  <div class='ocr_page' id='page_1' title='image "./corpusiurisgerm02visigoog/corpusiurisgerm02visigoog_0325.png"; bbox 0 0 2900 5020; ppageno 0'>
   <div class='ocr_carea' id='block_1_1' title="bbox 231 270 1048 398">
    <p class='ocr_par' dir='ltr' id='par_1_1' title="bbox 231 270 1048 398">
     <span class='ocr_line' id='line_1_1' title="bbox 231 270 1048 398; baseline 0.004 -54"><span class='ocrx_word' id='word_1_1' title='bbox 231 270 304 398; x_wconf 66' lang='lat' dir='ltr'><strong>apt</strong></span> <span class='ocrx_word' id='word_1_2' title='bbox 481 287 984 351; x_wconf 78' lang='lat' dir='ltr'><strong>tto1ssunouun10nuur1r.</strong></span> <span class='ocrx_word' id='word_1_3' title='bbox 1005 293 1048 350; x_wconf 81' lang='lat' dir='ltr'><strong>iv.</strong></span> 
     </span>
    </p>
   </div>
   <div class='ocr_carea' id='block_1_2' title="bbox 227 427 1426 1070">
    <p class='ocr_par' dir='ltr' id='par_1_2' title="bbox 227 427 1412 662">
     <span class='ocr_line' id='line_1_2' title="bbox 228 427 1412 517; baseline -0.004 -24"><span class='ocrx_word' id='word_1_4' title='bbox 228 454 288 517; x_wconf 85' lang='lat' dir='ltr'><strong>pro</strong></span> <span class='ocrx_word' id='word_1_5' title='bbox 328 427 412 492; x_wconf 86' lang='lat' dir='ltr'><strong>retio</strong></span> <span class='ocrx_word' id='word_1_6' title='bbox 431 427 518 490; x_wconf 85' lang='lat' dir='ltr'><strong>servi</strong></span> <span class='ocrx_word' id='word_1_7' title='bbox 537 429 639 498; x_wconf 83' lang='lat' dir='ltr'>XXX.</span> <span class='ocrx_word' id='word_1_8' title='bbox 659 429 779 494; x_wconf 88' lang='lat' dir='ltr'><strong>solidos</strong></span> <span class='ocrx_word' id='word_1_9' title='bbox 795 431 981 514; x_wconf 88' lang='lat' dir='ltr'><strong>parentibus</strong></span> <span class='ocrx_word' id='word_1_10' title='bbox 1002 431 1107 496; x_wconf 85' lang='lat' dir='ltr'><strong>occisi</strong></span> <span class='ocrx_word' id='word_1_11' title='bbox 1134 439 1293 512; x_wconf 82' lang='lat' dir='ltr'><strong>cogatur</strong></span> <span class='ocrx_word' id='word_1_12' title='bbox 1317 443 1367 488; x_wconf 77' lang='lat' dir='ltr'><strong>ex·</strong></span> <span class='ocrx_word' id='word_1_13' title='bbox 1409 436 1412 459; x_wconf 86' lang='lat'><strong>¹</strong></span> 
     </span>
     <span class='ocr_line' id='line_1_3' title="bbox 227 452 1369 597; baseline -0.004 -20"><span class='ocrx_word' id='word_1_14' title='bbox 227 452 366 577; x_wconf 71' lang='lat' dir='ltr'><strong>solvli‘e.</strong></span> <span class='ocrx_word' id='word_1_15' title='bbox 398 505 511 572; x_wconf 73' lang='lat' dir='ltr'><strong>‘Simili</strong></span> <span class='ocrx_word' id='word_1_16' title='bbox 545 511 584 574; x_wconf 91' lang='lat' dir='ltr'><strong>de</strong></span> <span class='ocrx_word' id='word_1_17' title='bbox 608 513 707 572; x_wconf 85' lang='lat' dir='ltr'><strong>servis</strong></span> <span class='ocrx_word' id='word_1_18' title='bbox 735 513 841 594; x_wconf 86' lang='lat' dir='ltr'><strong>Regiis</strong></span> <span class='ocrx_word' id='word_1_19' title='bbox 861 516 1038 575; x_wconf 88' lang='lat' dir='ltr'><strong>secundum</strong></span> <span class='ocrx_word' id='word_1_20' title='bbox 1053 514 1279 597; x_wconf 78' lang='lat' dir='ltr'><strong>qualitatem</strong></span> <span class='ocrx_word' id='word_1_21' title='bbox 1300 532 1369 594; x_wconf 84' lang='lat' dir='ltr'><strong>pet·</strong></span> 
     </span>
     <span class='ocr_line' id='line_1_4' title="bbox 229 593 1124 662; baseline -0.001 -5"><span class='ocrx_word' id='word_1_22' title='bbox 229 615 381 660; x_wconf 85' lang='lat' dir='ltr'><strong>sonarum</strong></span> <span class='ocrx_word' id='word_1_23' title='bbox 407 593 491 653; x_wconf 89' lang='lat' dir='ltr'><strong>circa</strong></span> <span class='ocrx_word' id='word_1_24' title='bbox 519 593 741 657; x_wconf 77' lang='lat' dir='ltr'><strong>interfectores</strong></span> <span class='ocrx_word' id='word_1_25' title='bbox 770 597 956 658; x_wconf 87' lang='lat' dir='ltr'><strong>conditione</strong></span> <span class='ocrx_word' id='word_1_26' title='bbox 981 607 1124 662; x_wconf 80' lang='lat' dir='ltr'><strong>servata.</strong></span> 
     </span>
    </p>

    <p class='ocr_par' dir='ltr' id='par_1_3' title="bbox 229 674 1426 1070">
     <span class='ocr_line' id='line_1_5' title="bbox 298 674 1370 760; baseline -0.006 -20"><span class='ocrx_word' id='word_1_27' title='bbox 298 677 370 740; x_wconf 68' lang='lat' dir='ltr'><strong>Wt.</strong></span> <span class='ocrx_word' id='word_1_28' title='bbox 411 677 479 736; x_wconf 91' lang='lat' dir='ltr'><strong>Hoc</strong></span> <span class='ocrx_word' id='word_1_29' title='bbox 508 675 692 760; x_wconf 83' lang='lat' dir='ltr'><strong>specialiter</strong></span> <span class='ocrx_word' id='word_1_30' title='bbox 720 675 752 737; x_wconf 95' lang='lat' dir='ltr'><strong>in</strong></span> <span class='ocrx_word' id='word_1_31' title='bbox 777 675 966 748; x_wconf 72' lang='lat' dir='ltr'><strong>,huiusmodi</strong></span> <span class='ocrx_word' id='word_1_32' title='bbox 995 701 1109 740; x_wconf 78' lang='lat' dir='ltr'>caussa</span> <span class='ocrx_word' id='word_1_33' title='bbox 1153 674 1370 736; x_wconf 76' lang='lat' dir='ltr'><strong>universitas</strong></span> 
     </span>
     <span class='ocr_line' id='line_1_6' title="bbox 231 720 1421 842; baseline -0.007 -19"><span class='ocrx_word' id='word_1_34' title='bbox 231 757 362 822; x_wconf 75' lang='lat' dir='ltr'><strong>ubter-it</strong></span> <span class='ocrx_word' id='word_1_35' title='bbox 389 757 640 834; x_wconf 81' lang='lat' dir='ltr'><strong>observandum,</strong></span> <span class='ocrx_word' id='word_1_36' title='bbox 677 767 712 818; x_wconf 89' lang='lat' dir='ltr'><strong>ut</strong></span> <span class='ocrx_word' id='word_1_37' title='bbox 741 761 904 822; x_wconf 81' lang='lat' dir='ltr'><strong>interfecti</strong></span> <span class='ocrx_word' id='word_1_38' title='bbox 939 768 1085 842; x_wconf 85' lang='lat' dir='ltr'><strong>parentes</strong></span> <span class='ocrx_word' id='word_1_39' title='bbox 1120 762 1277 820; x_wconf 88' lang='lat' dir='ltr'><strong>nullum</strong></span> <span class='ocrx_word' id='word_1_40' title='bbox 1309 759 1371 818; x_wconf 90' lang='lat' dir='ltr'><strong>nisi</strong></span> <span class='ocrx_word' id='word_1_41' title='bbox 1414 720 1421 815; x_wconf 91' lang='lat' dir='ltr'><strong>l</strong></span> 
     </span>
     <span class='ocr_line' id='line_1_7' title="bbox 229 839 1426 925; baseline -0.007 -21"><span class='ocrx_word' id='word_1_42' title='bbox 229 841 424 913; x_wconf 72' lang='lat' dir='ltr'><strong>homicidam</strong></span> <span class='ocrx_word' id='word_1_43' title='bbox 446 839 705 922; x_wconf 88' lang='lat' dir='ltr'><strong>persequendum</strong></span> <span class='ocrx_word' id='word_1_44' title='bbox 727 861 794 904; x_wconf 84' lang='lat' dir='ltr'><strong>esso</strong></span> <span class='ocrx_word' id='word_1_45' title='bbox 818 853 1031 924; x_wconf 81' lang='lat' dir='ltr'><strong>cognoscant:</strong></span> <span class='ocrx_word' id='word_1_46' title='bbox 1059 842 1151 925; x_wconf 80' lang='lat' dir='ltr'><strong>quia</strong></span> <span class='ocrx_word' id='word_1_47' title='bbox 1182 844 1282 904; x_wconf 87' lang='lat' dir='ltr'><strong>sicut</strong></span> <span class='ocrx_word' id='word_1_48' title='bbox 1311 840 1371 900; x_wconf 91' lang='lat' dir='ltr'><strong>cri·</strong></span> <span class='ocrx_word' id='word_1_49' title='bbox 1425 899 1426 916; x_wconf 47' lang='lat'><strong>,</strong></span> 
     </span>
     <span class='ocr_line' id='line_1_8' title="bbox 230 919 1426 1006; baseline -0.002 -21"><span class='ocrx_word' id='word_1_50' title='bbox 230 925 390 985; x_wconf 87' lang='lat' dir='ltr'><strong>minosum</strong></span> <span class='ocrx_word' id='word_1_51' title='bbox 413 919 558 988; x_wconf 90' lang='lat' dir='ltr'><strong>iubemus</strong></span> <span class='ocrx_word' id='word_1_52' title='bbox 575 923 734 1006; x_wconf 82' lang='lat' dir='ltr'><strong>extingui,</strong></span> <span class='ocrx_word' id='word_1_53' title='bbox 756 923 800 984; x_wconf 88' lang='lat' dir='ltr'><strong>ita</strong></span> <span class='ocrx_word' id='word_1_54' title='bbox 816 925 899 991; x_wconf 86' lang='lat' dir='ltr'><strong>nihil</strong></span> <span class='ocrx_word' id='word_1_55' title='bbox 915 924 1079 989; x_wconf 82' lang='lat' dir='ltr'><strong>molestiae</strong></span> <span class='ocrx_word' id='word_1_56' title='bbox 1106 927 1302 989; x_wconf 83' lang='lat' dir='ltr'><strong>sustinere</strong></span> <span class='ocrx_word' id='word_1_57' title='bbox 1313 944 1371 1006; x_wconf 89' lang='lat' dir='ltr'><strong>pa·</strong></span> <span class='ocrx_word' id='word_1_58' title='bbox 1425 929 1426 956; x_wconf 66' lang='lat'><strong>³</strong></span> 
     </span>
     <span class='ocr_line' id='line_1_9' title="bbox 231 1005 574 1070; baseline -0.012 0"><span class='ocrx_word' id='word_1_59' title='bbox 231 1009 332 1070; x_wconf 78' lang='lat' dir='ltr'><strong>timui·</strong></span> <span class='ocrx_word' id='word_1_60' title='bbox 358 1005 574 1068; x_wconf 85' lang='lat' dir='ltr'><strong>innocentem.</strong></span> 
     </span>
    </p>
   </div>
   <div class='ocr_carea' id='block_1_3' title="bbox 282 1165 1323 1252">
    <p class='ocr_par' dir='ltr' id='par_1_4' title="bbox 282 1165 1323 1252">
     <span class='ocr_line' id='line_1_10' title="bbox 282 1165 1323 1252; baseline -0.001 -8"><span class='ocrx_word' id='word_1_61' title='bbox 282 1170 374 1250; x_wconf 78' lang='lat' dir='ltr'><strong>Tm.</strong></span> <span class='ocrx_word' id='word_1_62' title='bbox 399 1167 467 1241; x_wconf 87' lang='grc' dir='ltr'><strong>ΙΙΙ.</strong></span> <span class='ocrx_word' id='word_1_63' title='bbox 520 1165 579 1242; x_wconf 86' lang='lat' dir='ltr'><strong>De</strong></span> <span class='ocrx_word' id='word_1_64' title='bbox 596 1169 825 1246; x_wconf 74' lang='lat' dir='ltr'><strong>libertatibus</strong></span> <span class='ocrx_word' id='word_1_65' title='bbox 849 1197 1041 1252; x_wconf 81' lang='lat' dir='ltr'><strong>servorum</strong></span> <span class='ocrx_word' id='word_1_66' title='bbox 1064 1188 1323 1248; x_wconf 87' lang='lat' dir='ltr'><strong>nostrorum.</strong></span> 
     </span>
    </p>
   </div>
   <div class='ocr_carea' id='block_1_4' title="bbox 231 1299 1367 1773">
    <p class='ocr_par' dir='ltr' id='par_1_5' title="bbox 231 1299 1367 1773">
     <span class='ocr_line' id='line_1_11' title="bbox 312 1299 1367 1382; baseline -0.002 -20"><span class='ocrx_word' id='word_1_67' title='bbox 312 1302 452 1380; x_wconf 77' lang='lat' dir='ltr'><strong>siquos</strong></span> <span class='ocrx_word' id='word_1_68' title='bbox 480 1299 566 1380; x_wconf 85' lang='lat' dir='ltr'><strong>apud</strong></span> <span class='ocrx_word' id='word_1_69' title='bbox 589 1299 706 1382; x_wconf 82' lang='lat' dir='ltr'><strong>Regiae</strong></span> <span class='ocrx_word' id='word_1_70' title='bbox 734 1300 906 1362; x_wconf 77' lang='lat' dir='ltr'><strong>memoriae</strong></span> <span class='ocrx_word' id='word_1_71' title='bbox 936 1313 1081 1366; x_wconf 83' lang='lat' dir='ltr'><strong>auctores</strong></span> <span class='ocrx_word' id='word_1_72' title='bbox 1118 1311 1295 1380; x_wconf 87' lang='lat' dir='ltr'><strong>nostros,</strong></span> <span class='ocrx_word' id='word_1_73' title='bbox 1334 1299 1367 1360; x_wconf 93' lang='lat' dir='ltr'><strong>id</strong></span> 
     </span>
     <span class='ocr_line' id='line_1_12' title="bbox 232 1382 1367 1464; baseline -0.001 -21"><span class='ocrx_word' id='word_1_74' title='bbox 232 1394 297 1462; x_wconf 86' lang='lat' dir='ltr'><strong>est,</strong></span> <span class='ocrx_word' id='word_1_75' title='bbox 320 1383 477 1458; x_wconf 83' lang='lat' dir='ltr'><strong>Gibicam,</strong></span> <span class='ocrx_word' id='word_1_76' title='bbox 498 1382 711 1444; x_wconf 88' lang='lat' dir='ltr'><strong>Godomarem</strong></span> <span class='ocrx_word' id='word_1_77' title='bbox 733 1386 781 1460; x_wconf 76' lang='lat' dir='ltr'><strong>b),</strong></span> <span class='ocrx_word' id='word_1_78' title='bbox 809 1383 1044 1464; x_wconf 84' lang='lat' dir='ltr'><strong>Gislaharium,</strong></span> <span class='ocrx_word' id='word_1_79' title='bbox 1076 1384 1367 1460; x_wconf 87' lang='lat' dir='ltr'><strong>Gundaharium,</strong></span> 
     </span>
     <span class='ocr_line' id='line_1_13' title="bbox 231 1467 1365 1550; baseline -0.003 -22"><span class='ocrx_word' id='word_1_80' title='bbox 231 1476 355 1550; x_wconf 79' lang='lat' dir='ltr'><strong>putrem</strong></span> <span class='ocrx_word' id='word_1_81' title='bbox 381 1483 511 1546; x_wconf 88' lang='lat' dir='ltr'><strong>quoque</strong></span> <span class='ocrx_word' id='word_1_82' title='bbox 540 1473 684 1525; x_wconf 84' lang='lat' dir='ltr'><strong>nostrum</strong></span> <span class='ocrx_word' id='word_1_83' title='bbox 710 1473 743 1526; x_wconf 89' lang='lat' dir='ltr'><strong>et</strong></span> <span class='ocrx_word' id='word_1_84' title='bbox 760 1473 891 1547; x_wconf 82' lang='lat' dir='ltr'><strong>patruos</strong></span> <span class='ocrx_word' id='word_1_85' title='bbox 922 1468 959 1546; x_wconf 83' lang='lat' dir='ltr'><strong>i),</strong></span> <span class='ocrx_word' id='word_1_86' title='bbox 981 1469 1100 1530; x_wconf 88' lang='lat' dir='ltr'><strong>liberos</strong></span> <span class='ocrx_word' id='word_1_87' title='bbox 1127 1467 1250 1529; x_wconf 84' lang='lat' dir='ltr'><strong>fuisse</strong></span> <span class='ocrx_word' id='word_1_88' title='bbox 1284 1487 1365 1526; x_wconf 87' lang='lat' dir='ltr'><strong>con·</strong></span> 
     </span>
     <span class='ocr_line' id='line_1_14' title="bbox 233 1545 1366 1634; baseline 0 -26"><span class='ocrx_word' id='word_1_89' title='bbox 233 1547 361 1622; x_wconf 77' lang='lat' dir='ltr'><strong>stiterit,</strong></span> <span class='ocrx_word' id='word_1_90' title='bbox 382 1545 415 1605; x_wconf 92' lang='lat' dir='ltr'><strong>in</strong></span> <span class='ocrx_word' id='word_1_91' title='bbox 439 1546 550 1606; x_wconf 88' lang='lat' dir='ltr'><strong>eadem</strong></span> <span class='ocrx_word' id='word_1_92' title='bbox 575 1545 720 1608; x_wconf 85' lang='lat' dir='ltr'><strong>libertate</strong></span> <span class='ocrx_word' id='word_1_93' title='bbox 739 1559 963 1629; x_wconf 87' lang='lat' dir='ltr'><strong>permaneant:</strong></span> <span class='ocrx_word' id='word_1_94' title='bbox 984 1551 1188 1634; x_wconf 87' lang='lat' dir='ltr'><strong>quicunque</strong></span> <span class='ocrx_word' id='word_1_95' title='bbox 1216 1549 1285 1610; x_wconf 88' lang='lat' dir='ltr'><strong>snb</strong></span> <span class='ocrx_word' id='word_1_96' title='bbox 1309 1547 1366 1608; x_wconf 90' lang='lat' dir='ltr'><strong>eis-</strong></span> 
     </span>
     <span class='ocr_line' id='line_1_15' title="bbox 234 1627 1363 1718; baseline 0.003 -25"><span class='ocrx_word' id='word_1_97' title='bbox 234 1629 308 1693; x_wconf 86' lang='lat' dir='ltr'><strong>dem</strong></span> <span class='ocrx_word' id='word_1_98' title='bbox 320 1628 443 1691; x_wconf 85' lang='lat' dir='ltr'><strong>l&#39;uerint</strong></span> <span class='ocrx_word' id='word_1_99' title='bbox 466 1627 598 1692; x_wconf 80' lang='lat' dir='ltr'><strong>obnoxii</strong></span> <span class='ocrx_word' id='word_1_100' title='bbox 611 1628 768 1709; x_wconf 82' lang='lat' dir='ltr'><strong>servituti,</strong></span> <span class='ocrx_word' id='word_1_101' title='bbox 789 1629 824 1689; x_wconf 93' lang='lat' dir='ltr'><strong>in</strong></span> <span class='ocrx_word' id='word_1_102' title='bbox 840 1640 948 1692; x_wconf 88' lang='lat' dir='ltr'><strong>nostro</strong></span> <span class='ocrx_word' id='word_1_103' title='bbox 963 1632 1105 1694; x_wconf 90' lang='lat' dir='ltr'><strong>dominio</strong></span> <span class='ocrx_word' id='word_1_104' title='bbox 1119 1637 1363 1718; x_wconf 86' lang='lat' dir='ltr'><strong>perseverent.</strong></span> 
     </span>
     <span class='ocr_line' id='line_1_16' title="bbox 249 1735 255 1773; baseline 0 0"><span class='ocrx_word' id='word_1_105' title='bbox 249 1735 255 1773; x_wconf 83' lang='lat' dir='ltr'><strong>t</strong></span> 
     </span>
    </p>
   </div>
   <div class='ocr_carea' id='block_1_5' title="bbox 272 1805 1224 1888">
    <p class='ocr_par' dir='ltr' id='par_1_6' title="bbox 272 1805 1224 1888">
     <span class='ocr_line' id='line_1_17' title="bbox 272 1805 1224 1888; baseline 0.002 -4"><span class='ocrx_word' id='word_1_106' title='bbox 272 1827 295 1851; x_wconf 75' lang='lat'><strong>·&#39;</strong></span> <span class='ocrx_word' id='word_1_107' title='bbox 365 1805 458 1884; x_wconf 77' lang='lat' dir='ltr'><strong>Tm.</strong></span> <span class='ocrx_word' id='word_1_108' title='bbox 482 1809 547 1886; x_wconf 85' lang='lat' dir='ltr'><strong>IV.</strong></span> <span class='ocrx_word' id='word_1_109' title='bbox 603 1811 661 1886; x_wconf 90' lang='lat' dir='ltr'><strong>De</strong></span> <span class='ocrx_word' id='word_1_110' title='bbox 686 1811 998 1886; x_wconf 82' lang='lat' dir='ltr'><strong>sollicitationibus</strong></span> <span class='ocrx_word' id='word_1_111' title='bbox 1025 1826 1062 1886; x_wconf 91' lang='lat' dir='ltr'><strong>et</strong></span> <span class='ocrx_word' id='word_1_112' title='bbox 1085 1813 1224 1888; x_wconf 83' lang='lat' dir='ltr'><strong>furtis,</strong></span> 
     </span>
    </p>
   </div>
   <div class='ocr_carea' id='block_1_6' title="bbox 158 1939 1403 3917">
    <p class='ocr_par' dir='ltr' id='par_1_7' title="bbox 237 1939 1361 2766">
     <span class='ocr_line' id='line_1_18' title="bbox 318 1939 1361 2024; baseline -0.006 -20"><span class='ocrx_word' id='word_1_113' title='bbox 318 1943 343 2008; x_wconf 86' lang='lat' dir='ltr'><strong>l.</strong></span> <span class='ocrx_word' id='word_1_114' title='bbox 386 1942 580 2024; x_wconf 84' lang='lat' dir='ltr'><strong>Quicunque</strong></span> <span class='ocrx_word' id='word_1_115' title='bbox 603 1942 797 2024; x_wconf 83' lang='lat' dir='ltr'><strong>mancipium</strong></span> <span class='ocrx_word' id='word_1_116' title='bbox 822 1943 965 2004; x_wconf 89' lang='lat' dir='ltr'><strong>alienum</strong></span> <span class='ocrx_word' id='word_1_117' title='bbox 980 1945 1230 2022; x_wconf 80' lang='lat' dir='ltr'><strong>sollicitaverit,</strong></span> <span class='ocrx_word' id='word_1_118' title='bbox 1255 1939 1361 2004; x_wconf 88' lang='lat' dir='ltr'><strong>cabal-</strong></span> 
     </span>
     <span class='ocr_line' id='line_1_19' title="bbox 237 2021 1355 2109; baseline -0.004 -23"><span class='ocrx_word' id='word_1_119' title='bbox 237 2024 307 2106; x_wconf 82' lang='lat' dir='ltr'><strong>lum</strong></span> <span class='ocrx_word' id='word_1_120' title='bbox 330 2045 480 2108; x_wconf 87' lang='lat' dir='ltr'><strong>quoque,</strong></span> <span class='ocrx_word' id='word_1_121' title='bbox 506 2045 620 2106; x_wconf 90' lang='lat' dir='ltr'><strong>equam</strong></span> <span class='ocrx_word' id='word_1_122' title='bbox 629 2070 638 2102; x_wconf 93' lang='lat'><strong>,</strong></span> <span class='ocrx_word' id='word_1_123' title='bbox 662 2025 794 2101; x_wconf 85' lang='lat' dir='ltr'><strong>bovem,</strong></span> <span class='ocrx_word' id='word_1_124' title='bbox 820 2035 876 2086; x_wconf 82' lang='lat' dir='ltr'><strong>ant</strong></span> <span class='ocrx_word' id='word_1_125' title='bbox 904 2049 1032 2088; x_wconf 81' lang='lat' dir='ltr'><strong>vaccam</strong></span> <span class='ocrx_word' id='word_1_126' title='bbox 1060 2037 1124 2090; x_wconf 85' lang='lat' dir='ltr'><strong>tum</strong></span> <span class='ocrx_word' id='word_1_127' title='bbox 1152 2021 1355 2109; x_wconf 79' lang='lat' dir='ltr'><strong>Burgundio</strong></span> 
     </span>
     <span class='ocr_line' id='line_1_20' title="bbox 239 2102 1357 2192; baseline -0.004 -25"><span class='ocrx_word' id='word_1_128' title='bbox 239 2125 334 2192; x_wconf 83' lang='lat' dir='ltr'><strong>qnam</strong></span> <span class='ocrx_word' id='word_1_129' title='bbox 354 2105 512 2167; x_wconf 80' lang='lat' dir='ltr'><strong>Romanus</strong></span> <span class='ocrx_word' id='word_1_130' title='bbox 536 2107 696 2186; x_wconf 88' lang='lat' dir='ltr'><strong>ingenuus</strong></span> <span class='ocrx_word' id='word_1_131' title='bbox 719 2107 806 2168; x_wconf 82' lang='lat' dir='ltr'><strong>furto</strong></span> <span class='ocrx_word' id='word_1_132' title='bbox 828 2109 954 2170; x_wconf 84' lang='lat' dir='ltr'><strong>auferre</strong></span> <span class='ocrx_word' id='word_1_133' title='bbox 975 2111 1251 2192; x_wconf 84' lang='lat' dir='ltr'><strong>praesumpserit,</strong></span> <span class='ocrx_word' id='word_1_134' title='bbox 1275 2102 1357 2166; x_wconf 90' lang='lat' dir='ltr'><strong>occi-</strong></span> 
     </span>
     <span class='ocr_line' id='line_1_21' title="bbox 239 2187 1354 2274; baseline -0.009 -21"><span class='ocrx_word' id='word_1_135' title='bbox 239 2193 351 2253; x_wconf 87' lang='lat' dir='ltr'><strong>datur:</strong></span> <span class='ocrx_word' id='word_1_136' title='bbox 387 2198 418 2249; x_wconf 87' lang='lat' dir='ltr'><strong>et</strong></span> <span class='ocrx_word' id='word_1_137' title='bbox 450 2188 490 2248; x_wconf 89' lang='lat' dir='ltr'><strong>dc</strong></span> <span class='ocrx_word' id='word_1_138' title='bbox 517 2189 613 2250; x_wconf 88' lang='lat' dir='ltr'><strong>occisi</strong></span> <span class='ocrx_word' id='word_1_139' title='bbox 643 2189 866 2267; x_wconf 81' lang='lat' dir='ltr'><strong>facultatibus,</strong></span> <span class='ocrx_word' id='word_1_140' title='bbox 895 2190 921 2252; x_wconf 92' lang='lat' dir='ltr'><strong>is</strong></span> <span class='ocrx_word' id='word_1_141' title='bbox 947 2192 1003 2273; x_wconf 90' lang='lat' dir='ltr'><strong>qui</strong></span> <span class='ocrx_word' id='word_1_142' title='bbox 1027 2193 1174 2274; x_wconf 89' lang='lat' dir='ltr'><strong>perdidit</strong></span> <span class='ocrx_word' id='word_1_143' title='bbox 1202 2187 1354 2272; x_wconf 87' lang='lat' dir='ltr'><strong>superius</strong></span> 
     </span>
     <span class='ocr_line' id='line_1_22' title="bbox 240 2268 1353 2358; baseline -0.005 -26"><span class='ocrx_word' id='word_1_144' title='bbox 240 2268 470 2356; x_wconf 84' lang='lat' dir='ltr'><strong>comprehensa</strong></span> <span class='ocrx_word' id='word_1_145' title='bbox 489 2271 646 2354; x_wconf 89' lang='lat' dir='ltr'><strong>mancipia</strong></span> <span class='ocrx_word' id='word_1_146' title='bbox 670 2279 765 2351; x_wconf 87' lang='lat' dir='ltr'><strong>atquc</strong></span> <span class='ocrx_word' id='word_1_147' title='bbox 792 2272 962 2350; x_wconf 87' lang='lat' dir='ltr'><strong>animalia,</strong></span> <span class='ocrx_word' id='word_1_148' title='bbox 988 2275 1073 2358; x_wconf 90' lang='lat' dir='ltr'><strong>apud</strong></span> <span class='ocrx_word' id='word_1_149' title='bbox 1096 2274 1353 2337; x_wconf 86' lang='lat' dir='ltr'><strong>sollicitatorem</strong></span> 
     </span>
     <span class='ocr_line' id='line_1_23' title="bbox 242 2350 1351 2449; baseline -0.003 -36"><span class='ocrx_word' id='word_1_150' title='bbox 242 2350 298 2413; x_wconf 86' lang='lat' dir='ltr'><strong>atit</strong></span> <span class='ocrx_word' id='word_1_151' title='bbox 322 2353 445 2428; x_wconf 81' lang='lat' dir='ltr'><strong>furem,</strong></span> <span class='ocrx_word' id='word_1_152' title='bbox 482 2353 508 2414; x_wconf 90' lang='lat' dir='ltr'><strong>si</strong></span> <span class='ocrx_word' id='word_1_153' title='bbox 529 2375 593 2414; x_wconf 91' lang='lat' dir='ltr'><strong>non</strong></span> <span class='ocrx_word' id='word_1_154' title='bbox 613 2353 754 2449; x_wconf 87' lang='lat' dir='ltr'><strong>potuerit</strong></span> <span class='ocrx_word' id='word_1_155' title='bbox 774 2352 941 2432; x_wconf 85' lang='lat' dir='ltr'><strong>invenire,</strong></span> <span class='ocrx_word' id='word_1_156' title='bbox 963 2355 996 2414; x_wconf 90' lang='lat' dir='ltr'><strong>in</strong></span> <span class='ocrx_word' id='word_1_157' title='bbox 1017 2357 1172 2439; x_wconf 85' lang='lat' dir='ltr'><strong>simplum</strong></span> <span class='ocrx_word' id='word_1_158' title='bbox 1192 2350 1351 2434; x_wconf 80' lang='lat' dir='ltr'><strong>recipiat:</strong></span> 
     </span>
     <span class='ocr_line' id='line_1_24' title="bbox 242 2431 1350 2521; baseline -0.001 -24"><span class='ocrx_word' id='word_1_159' title='bbox 242 2435 306 2498; x_wconf 85' lang='lat' dir='ltr'><strong>hoc</strong></span> <span class='ocrx_word' id='word_1_160' title='bbox 330 2438 387 2510; x_wconf 71' lang='lat' dir='ltr'><strong>est,</strong></span> <span class='ocrx_word' id='word_1_161' title='bbox 409 2454 467 2516; x_wconf 91' lang='lat' dir='ltr'><strong>pro</strong></span> <span class='ocrx_word' id='word_1_162' title='bbox 487 2435 646 2519; x_wconf 83' lang='lat' dir='ltr'><strong>mancipio</strong></span> <span class='ocrx_word' id='word_1_163' title='bbox 666 2436 723 2498; x_wconf 90' lang='lat' dir='ltr'><strong>sol.</strong></span> <span class='ocrx_word' id='word_1_164' title='bbox 743 2431 850 2502; x_wconf 87' lang='lat' dir='ltr'><strong>XXV.</strong></span> <span class='ocrx_word' id='word_1_165' title='bbox 892 2438 926 2498; x_wconf 86' lang='lat' dir='ltr'><strong>si</strong></span> <span class='ocrx_word' id='word_1_166' title='bbox 949 2447 1053 2498; x_wconf 88' lang='lat' dir='ltr'><strong>tamen</strong></span> <span class='ocrx_word' id='word_1_167' title='bbox 1078 2438 1288 2521; x_wconf 87' lang='lat' dir='ltr'><strong>mancipium</strong></span> <span class='ocrx_word' id='word_1_168' title='bbox 1306 2433 1350 2514; x_wconf 81' lang='lat' dir='ltr'><strong>ip-</strong></span> 
     </span>
     <span class='ocr_line' id='line_1_25' title="bbox 242 2515 1348 2604; baseline -0.007 -24"><span class='ocrx_word' id='word_1_169' title='bbox 242 2539 335 2594; x_wconf 86' lang='lat' dir='ltr'><strong>sum,</strong></span> <span class='ocrx_word' id='word_1_170' title='bbox 367 2515 449 2577; x_wconf 86' lang='lat' dir='ltr'><strong>sicut</strong></span> <span class='ocrx_word' id='word_1_171' title='bbox 472 2517 593 2579; x_wconf 87' lang='lat' dir='ltr'><strong>dictum</strong></span> <span class='ocrx_word' id='word_1_172' title='bbox 616 2526 680 2597; x_wconf 83' lang='lat' dir='ltr'><strong>est,</strong></span> <span class='ocrx_word' id='word_1_173' title='bbox 708 2538 773 2578; x_wconf 90' lang='lat' dir='ltr'><strong>nou</strong></span> <span class='ocrx_word' id='word_1_174' title='bbox 791 2519 934 2602; x_wconf 84' lang='lat' dir='ltr'><strong>potuerit</strong></span> <span class='ocrx_word' id='word_1_175' title='bbox 955 2519 1125 2599; x_wconf 82' lang='lat' dir='ltr'><strong>invenire,</strong></span> <span class='ocrx_word' id='word_1_176' title='bbox 1153 2543 1221 2604; x_wconf 89' lang='lat' dir='ltr'><strong>pro</strong></span> <span class='ocrx_word' id='word_1_177' title='bbox 1245 2515 1348 2579; x_wconf 84' lang='lat' dir='ltr'><strong>cabal-</strong></span> 
     </span>
     <span class='ocr_line' id='line_1_26' title="bbox 239 2593 1345 2686; baseline -0.002 -24"><span class='ocrx_word' id='word_1_178' title='bbox 239 2597 277 2662; x_wconf 74' lang='lat' dir='ltr'><strong>io</strong></span> <span class='ocrx_word' id='word_1_179' title='bbox 290 2593 433 2682; x_wconf 73' lang='lat' dir='ltr'><strong>optimo,</strong></span> <span class='ocrx_word' id='word_1_180' title='bbox 456 2599 497 2663; x_wconf 86' lang='lat' dir='ltr'><strong>X.</strong></span> <span class='ocrx_word' id='word_1_181' title='bbox 511 2600 648 2671; x_wconf 87' lang='lat' dir='ltr'><strong>solidos;</strong></span> <span class='ocrx_word' id='word_1_182' title='bbox 673 2621 732 2684; x_wconf 88' lang='lat' dir='ltr'><strong>pro</strong></span> <span class='ocrx_word' id='word_1_183' title='bbox 747 2599 911 2679; x_wconf 87' lang='lat' dir='ltr'><strong>mediocri,</strong></span> <span class='ocrx_word' id='word_1_184' title='bbox 928 2603 985 2668; x_wconf 87' lang='lat' dir='ltr'><strong>VI.</strong></span> <span class='ocrx_word' id='word_1_185' title='bbox 1005 2603 1139 2674; x_wconf 86' lang='lat' dir='ltr'><strong>solidos;</strong></span> <span class='ocrx_word' id='word_1_186' title='bbox 1162 2625 1229 2686; x_wconf 89' lang='lat' dir='ltr'><strong>pro</strong></span> <span class='ocrx_word' id='word_1_187' title='bbox 1253 2619 1345 2680; x_wconf 79' lang='lat' dir='ltr'><strong>equo,</strong></span> 
     </span>
     <span class='ocr_line' id='line_1_27' title="bbox 239 2675 1221 2766; baseline 0.004 -20"><span class='ocrx_word' id='word_1_188' title='bbox 239 2675 365 2746; x_wconf 70' lang='lat' dir='ltr'><strong>dolidos</strong></span> <span class='ocrx_word' id='word_1_189' title='bbox 385 2679 463 2753; x_wconf 71' lang='lat' dir='ltr'><strong>HL,</strong></span> <span class='ocrx_word' id='word_1_190' title='bbox 485 2701 546 2764; x_wconf 91' lang='lat' dir='ltr'><strong>pro</strong></span> <span class='ocrx_word' id='word_1_191' title='bbox 567 2681 659 2758; x_wconf 81' lang='lat' dir='ltr'><strong>bove,</strong></span> <span class='ocrx_word' id='word_1_192' title='bbox 676 2679 796 2743; x_wconf 88' lang='lat' dir='ltr'><strong>solidos</strong></span> <span class='ocrx_word' id='word_1_193' title='bbox 819 2684 874 2754; x_wconf 78' lang='lat' dir='ltr'><strong>ll.;</strong></span> <span class='ocrx_word' id='word_1_194' title='bbox 898 2705 955 2766; x_wconf 89' lang='lat' dir='ltr'><strong>pro</strong></span> <span class='ocrx_word' id='word_1_195' title='bbox 982 2706 1087 2762; x_wconf 82' lang='lat' dir='ltr'><strong>vacca,</strong></span> <span class='ocrx_word' id='word_1_196' title='bbox 1109 2685 1170 2751; x_wconf 85' lang='lat' dir='ltr'><strong>sol.</strong></span> <span class='ocrx_word' id='word_1_197' title='bbox 1192 2687 1221 2750; x_wconf 94' lang='grc' dir='ltr'><strong>Ι.</strong></span> 
     </span>
    </p>

    <p class='ocr_par' dir='ltr' id='par_1_8' title="bbox 237 2756 1403 3171">
     <span class='ocr_line' id='line_1_28' title="bbox 324 2756 1342 2849; baseline 0.001 -25"><span class='ocrx_word' id='word_1_198' title='bbox 324 2763 368 2826; x_wconf 84' lang='lat' dir='ltr'><strong>lL</strong></span> <span class='ocrx_word' id='word_1_199' title='bbox 407 2763 443 2824; x_wconf 86' lang='lat' dir='ltr'><strong>Si</strong></span> <span class='ocrx_word' id='word_1_200' title='bbox 474 2783 553 2825; x_wconf 79' lang='lat' dir='ltr'><strong>vero</strong></span> <span class='ocrx_word' id='word_1_201' title='bbox 581 2785 691 2826; x_wconf 81' lang='lat' dir='ltr'><strong>servus</strong></span> <span class='ocrx_word' id='word_1_202' title='bbox 714 2767 837 2825; x_wconf 89' lang='lat' dir='ltr'><strong>furtum</strong></span> <span class='ocrx_word' id='word_1_203' title='bbox 866 2765 999 2843; x_wconf 82' lang='lat' dir='ltr'><strong>feccrit,</strong></span> <span class='ocrx_word' id='word_1_204' title='bbox 1031 2766 1098 2849; x_wconf 89' lang='lat' dir='ltr'><strong>ipse</strong></span> <span class='ocrx_word' id='word_1_205' title='bbox 1128 2767 1281 2829; x_wconf 86' lang='lat' dir='ltr'><strong>tradatur</strong></span> <span class='ocrx_word' id='word_1_206' title='bbox 1306 2756 1342 2818; x_wconf 73' lang='lat' dir='ltr'><strong>ud</strong></span> 
     </span>
     <span class='ocr_line' id='line_1_29' title="bbox 242 2840 1341 2930; baseline -0.005 -18"><span class='ocrx_word' id='word_1_207' title='bbox 242 2845 401 2918; x_wconf 57' lang='lat' dir='ltr'><strong>moriame*</strong></span> <span class='ocrx_word' id='word_1_208' title='bbox 430 2855 462 2908; x_wconf 90' lang='lat' dir='ltr'><strong>et</strong></span> <span class='ocrx_word' id='word_1_209' title='bbox 483 2845 630 2907; x_wconf 87' lang='lat' dir='ltr'><strong>dominns</strong></span> <span class='ocrx_word' id='word_1_210' title='bbox 660 2845 742 2909; x_wconf 85' lang='lat' dir='ltr'><strong>servi</strong></span> <span class='ocrx_word' id='word_1_211' title='bbox 766 2852 926 2930; x_wconf 83' lang='lat' dir='ltr'><strong>(eaquae</strong></span> <span class='ocrx_word' id='word_1_212' title='bbox 958 2850 1042 2909; x_wconf 86' lang='lat' dir='ltr'><strong>furto</strong></span> <span class='ocrx_word' id='word_1_213' title='bbox 1069 2850 1173 2912; x_wconf 83' lang='lat' dir='ltr'><strong>ablata</strong></span> <span class='ocrx_word' id='word_1_214' title='bbox 1197 2854 1277 2912; x_wconf 86' lang='lat' dir='ltr'><strong>suut</strong></span> <span class='ocrx_word' id='word_1_215' title='bbox 1304 2840 1341 2901; x_wconf 73' lang='lat' dir='ltr'><strong>de</strong></span> 
     </span>
     <span class='ocr_line' id='line_1_30' title="bbox 239 2926 1341 3013; baseline -0.004 -22"><span class='ocrx_word' id='word_1_216' title='bbox 239 2926 340 3013; x_wconf 71' lang='lat' dir='ltr'><strong>supra</strong></span> <span class='ocrx_word' id='word_1_217' title='bbox 365 2926 490 3011; x_wconf 85' lang='lat' dir='ltr'><strong>&#39;seriptis</strong></span> <span class='ocrx_word' id='word_1_218' title='bbox 510 2927 720 3006; x_wconf 86' lang='lat' dir='ltr'><strong>animalibus,</strong></span> <span class='ocrx_word' id='word_1_219' title='bbox 742 2949 843 3010; x_wconf 84' lang='lat' dir='ltr'><strong>eaque</strong></span> <span class='ocrx_word' id='word_1_220' title='bbox 869 2929 1010 3008; x_wconf 84' lang='lat' dir='ltr'><strong>inveniri</strong></span> <span class='ocrx_word' id='word_1_221' title='bbox 1036 2951 1100 2990; x_wconf 90' lang='lat' dir='ltr'><strong>non</strong></span> <span class='ocrx_word' id='word_1_222' title='bbox 1123 2937 1273 3012; x_wconf 83' lang='lat' dir='ltr'><strong>possunt,</strong></span> <span class='ocrx_word' id='word_1_223' title='bbox 1294 2943 1341 2984; x_wconf 76' lang='lat' dir='ltr'><strong>se·</strong></span> 
     </span>
     <span class='ocr_line' id='line_1_31' title="bbox 237 3004 1403 3096; baseline -0.003 -22"><span class='ocrx_word' id='word_1_224' title='bbox 237 3012 387 3074; x_wconf 86' lang='lat' dir='ltr'><strong>cundum</strong></span> <span class='ocrx_word' id='word_1_225' title='bbox 411 3011 545 3072; x_wconf 84' lang='lat' dir='ltr'><strong>formam</strong></span> <span class='ocrx_word' id='word_1_226' title='bbox 568 3008 663 3090; x_wconf 90' lang='lat' dir='ltr'><strong>pretii</strong></span> <span class='ocrx_word' id='word_1_227' title='bbox 684 3010 849 3072; x_wconf 89' lang='lat' dir='ltr'><strong>constituti</strong></span> <span class='ocrx_word' id='word_1_228' title='bbox 873 3033 957 3091; x_wconf 84' lang='lat' dir='ltr'><strong>eum,</strong></span> <span class='ocrx_word' id='word_1_229' title='bbox 977 3012 1034 3095; x_wconf 82' lang='lat' dir='ltr'><strong>qui</strong></span> <span class='ocrx_word' id='word_1_230' title='bbox 1054 3014 1209 3096; x_wconf 86' lang='lat' dir='ltr'><strong>perdidit,</strong></span> <span class='ocrx_word' id='word_1_231' title='bbox 1230 3004 1339 3090; x_wconf 78' lang='lat' dir='ltr'><strong>simpla</strong></span> <span class='ocrx_word' id='word_1_232' title='bbox 1400 3020 1403 3028; x_wconf 84' lang='lat'>&#39;</span> 
     </span>
     <span class='ocr_line' id='line_1_32' title="bbox 244 3091 1173 3171; baseline -0.004 -15"><span class='ocrx_word' id='word_1_233' title='bbox 244 3093 406 3157; x_wconf 84' lang='lat' dir='ltr'><strong>solutione</strong></span> <span class='ocrx_word' id='word_1_234' title='bbox 426 3093 539 3154; x_wconf 83' lang='lat' dir='ltr'><strong>reddat</strong></span> <span class='ocrx_word' id='word_1_235' title='bbox 563 3091 748 3154; x_wconf 87' lang='lat' dir='ltr'><strong>indemnem</strong></span> <span class='ocrx_word' id='word_1_236' title='bbox 770 3093 818 3171; x_wconf 76' lang='lat' dir='ltr'><strong>t).</strong></span> <span class='ocrx_word' id='word_1_237' title='bbox 1168 3157 1173 3166; x_wconf 56' lang='grc'>,</span> 
     </span>
    </p>

    <p class='ocr_par' dir='ltr' id='par_1_9' title="bbox 228 3173 1336 3684">
     <span class='ocr_line' id='line_1_33' title="bbox 325 3173 1336 3258; baseline -0.004 -22.269"><span class='ocrx_word' id='word_1_238' title='bbox 325 3175 384 3237; x_wconf 88' lang='grc' dir='ltr'><strong>ΠΙ.</strong></span> <span class='ocrx_word' id='word_1_239' title='bbox 422 3174 619 3255; x_wconf 81' lang='lat' dir='ltr'><strong>Quicunque</strong></span> <span class='ocrx_word' id='word_1_240' title='bbox 643 3173 823 3257; x_wconf 88' lang='lat' dir='ltr'><strong>ingenuus,</strong></span> <span class='ocrx_word' id='word_1_241' title='bbox 851 3179 917 3236; x_wconf 86' lang='lat' dir='ltr'><strong>tam</strong></span> <span class='ocrx_word' id='word_1_242' title='bbox 939 3175 1124 3258; x_wconf 84' lang='lat' dir='ltr'><strong>Burgundio</strong></span> <span class='ocrx_word' id='word_1_243' title='bbox 1156 3197 1255 3258; x_wconf 87' lang='lat' dir='ltr'><strong>quam</strong></span> <span class='ocrx_word' id='word_1_244' title='bbox 1280 3173 1336 3232; x_wconf 89' lang='lat' dir='ltr'><strong>Ro·</strong></span> 
     </span>
     <span class='ocr_line' id='line_1_34' title="bbox 244 3251 1334 3340; baseline 0.004 -25"><span class='ocrx_word' id='word_1_245' title='bbox 244 3265 377 3335; x_wconf 80' lang='lat' dir='ltr'><strong>manus,</strong></span> <span class='ocrx_word' id='word_1_246' title='bbox 398 3277 551 3340; x_wconf 88' lang='lat' dir='ltr'><strong>porcum,</strong></span> <span class='ocrx_word' id='word_1_247' title='bbox 570 3277 673 3334; x_wconf 78' lang='lat' dir='ltr'><strong>ovem,</strong></span> <span class='ocrx_word' id='word_1_248' title='bbox 695 3278 797 3340; x_wconf 88' lang='lat' dir='ltr'><strong>apem,</strong></span> <span class='ocrx_word' id='word_1_249' title='bbox 820 3279 956 3340; x_wconf 86' lang='lat' dir='ltr'><strong>capram,</strong></span> <span class='ocrx_word' id='word_1_250' title='bbox 981 3260 1066 3318; x_wconf 85' lang='lat' dir='ltr'><strong>furto</strong></span> <span class='ocrx_word' id='word_1_251' title='bbox 1088 3259 1275 3332; x_wconf 85' lang='lat' dir='ltr'><strong>abstulerit,</strong></span> <span class='ocrx_word' id='word_1_252' title='bbox 1303 3251 1334 3310; x_wconf 67' lang='lat'><strong>1¹1</strong></span> 
     </span>
     <span class='ocr_line' id='line_1_35' title="bbox 228 3323 1334 3428; baseline 0 -30"><span class='ocrx_word' id='word_1_253' title='bbox 228 3323 379 3428; x_wconf 74' lang='lat' dir='ltr'><strong>¹triplum</strong></span> <span class='ocrx_word' id='word_1_254' title='bbox 399 3338 509 3413; x_wconf 83' lang='lat' dir='ltr'><strong>solvat,</strong></span> <span class='ocrx_word' id='word_1_255' title='bbox 530 3339 707 3400; x_wconf 87' lang='lat' dir='ltr'><strong>secundum</strong></span> <span class='ocrx_word' id='word_1_256' title='bbox 730 3341 863 3400; x_wconf 86' lang='lat' dir='ltr'><strong>formam</strong></span> <span class='ocrx_word' id='word_1_257' title='bbox 882 3339 978 3424; x_wconf 90' lang='lat' dir='ltr'><strong>pretii</strong></span> <span class='ocrx_word' id='word_1_258' title='bbox 999 3341 1184 3404; x_wconf 80' lang='lat' dir='ltr'><strong>constituti:</strong></span> <span class='ocrx_word' id='word_1_259' title='bbox 1205 3351 1238 3403; x_wconf 90' lang='lat' dir='ltr'><strong>et</strong></span> <span class='ocrx_word' id='word_1_260' title='bbox 1258 3332 1334 3399; x_wconf 84' lang='lat' dir='ltr'><strong>mul·</strong></span> 
     </span>
     <span class='ocr_line' id='line_1_36' title="bbox 244 3417 1331 3506; baseline 0.006 -25"><span class='ocrx_word' id='word_1_261' title='bbox 244 3428 295 3481; x_wconf 87' lang='lat' dir='ltr'><strong>tae</strong></span> <span class='ocrx_word' id='word_1_262' title='bbox 316 3419 449 3481; x_wconf 82' lang='lat' dir='ltr'><strong>nomine</strong></span> <span class='ocrx_word' id='word_1_263' title='bbox 472 3419 531 3488; x_wconf 83' lang='lat' dir='ltr'><strong>sol.</strong></span> <span class='ocrx_word' id='word_1_264' title='bbox 555 3417 630 3480; x_wconf 89' lang='lat' dir='ltr'><strong>Xll.</strong></span> <span class='ocrx_word' id='word_1_265' title='bbox 657 3421 692 3482; x_wconf 89' lang='lat' dir='ltr'><strong>id</strong></span> <span class='ocrx_word' id='word_1_266' title='bbox 717 3429 785 3499; x_wconf 85' lang='lat' dir='ltr'><strong>est,</strong></span> <span class='ocrx_word' id='word_1_267' title='bbox 816 3445 874 3504; x_wconf 88' lang='lat' dir='ltr'><strong>pro</strong></span> <span class='ocrx_word' id='word_1_268' title='bbox 897 3444 1006 3505; x_wconf 89' lang='lat' dir='ltr'><strong>porco,</strong></span> <span class='ocrx_word' id='word_1_269' title='bbox 1028 3424 1086 3489; x_wconf 86' lang='lat' dir='ltr'><strong>sol.</strong></span> <span class='ocrx_word' id='word_1_270' title='bbox 1109 3424 1152 3494; x_wconf 89' lang='lat' dir='ltr'><strong>l.;</strong></span> <span class='ocrx_word' id='word_1_271' title='bbox 1174 3445 1235 3506; x_wconf 87' lang='lat' dir='ltr'><strong>pro</strong></span> <span class='ocrx_word' id='word_1_272' title='bbox 1257 3437 1331 3488; x_wconf 72' lang='lat' dir='ltr'><strong>oves</strong></span> 
     </span>
     <span class='ocr_line' id='line_1_37' title="bbox 245 3497 1332 3588; baseline -0.003 -25"><span class='ocrx_word' id='word_1_273' title='bbox 245 3497 367 3571; x_wconf 55' lang='lat' dir='ltr'><strong>sollte</strong></span> <span class='ocrx_word' id='word_1_274' title='bbox 390 3521 450 3585; x_wconf 85' lang='lat' dir='ltr'><strong>pro</strong></span> <span class='ocrx_word' id='word_1_275' title='bbox 472 3501 680 3584; x_wconf 83' lang='lat' dir='ltr'><strong>ape,sol.1.;</strong></span> <span class='ocrx_word' id='word_1_276' title='bbox 707 3525 765 3585; x_wconf 89' lang='lat' dir='ltr'><strong>pro</strong></span> <span class='ocrx_word' id='word_1_277' title='bbox 787 3525 892 3588; x_wconf 88' lang='lat' dir='ltr'><strong>capra,</strong></span> <span class='ocrx_word' id='word_1_278' title='bbox 909 3505 1093 3573; x_wconf 83' lang='lat' dir='ltr'><strong>tremissem.</strong></span> <span class='ocrx_word' id='word_1_279' title='bbox 1133 3505 1241 3568; x_wconf 85' lang='lat' dir='ltr'><strong>Pretia</strong></span> <span class='ocrx_word' id='word_1_280' title='bbox 1259 3515 1332 3564; x_wconf 81' lang='lat' dir='ltr'><strong>vero</strong></span> 
     </span>
     <span class='ocr_line' id='line_1_38' title="bbox 244 3582 744 3684; baseline 0.006 -40"><span class='ocrx_word' id='word_1_281' title='bbox 244 3582 324 3646; x_wconf 85' lang='lat' dir='ltr'><strong>haec</strong></span> <span class='ocrx_word' id='word_1_282' title='bbox 353 3583 386 3644; x_wconf 91' lang='lat' dir='ltr'><strong>in</strong></span> <span class='ocrx_word' id='word_1_283' title='bbox 411 3584 543 3684; x_wconf 89' lang='lat' dir='ltr'><strong>triplum</strong></span> <span class='ocrx_word' id='word_1_284' title='bbox 571 3584 744 3646; x_wconf 85' lang='lat' dir='ltr'><strong>solvantur.</strong></span> 
     </span>
    </p>

    <p class='ocr_par' dir='ltr' id='par_1_10' title="bbox 158 3657 1328 3917">
     <span class='ocr_line' id='line_1_39' title="bbox 260 3657 1328 3750; baseline 0.001 -24"><span class='ocrx_word' id='word_1_285' title='bbox 260 3685 267 3706; x_wconf 31' lang='grc' dir='ltr'><em>ἰ</em></span> <span class='ocrx_word' id='word_1_286' title='bbox 305 3665 384 3726; x_wconf 74' lang='lat' dir='ltr'><strong>lV.</strong></span> <span class='ocrx_word' id='word_1_287' title='bbox 425 3665 461 3729; x_wconf 80' lang='lat' dir='ltr'><strong>&#39;St</strong></span> <span class='ocrx_word' id='word_1_288' title='bbox 490 3687 600 3728; x_wconf 84' lang='lat' dir='ltr'><strong>servus</strong></span> <span class='ocrx_word' id='word_1_289' title='bbox 626 3667 865 3750; x_wconf 89' lang='lat' dir='ltr'><strong>Burgundionis</strong></span> <span class='ocrx_word' id='word_1_290' title='bbox 889 3667 954 3732; x_wconf 86' lang='lat' dir='ltr'><strong>sive</strong></span> <span class='ocrx_word' id='word_1_291' title='bbox 982 3665 1258 3732; x_wconf 73' lang='lat' dir='ltr'><strong>Romani&#39;furtum</strong></span> <span class='ocrx_word' id='word_1_292' title='bbox 1288 3657 1328 3718; x_wconf 70' lang='lat'><strong>‘1⁰</strong></span> 
     </span>
     <span class='ocr_line' id='line_1_40' title="bbox 243 3747 1326 3835; baseline 0.005 -25"><span class='ocrx_word' id='word_1_293' title='bbox 243 3748 433 3832; x_wconf 87' lang='lat' dir='ltr'><strong>supradictis</strong></span> <span class='ocrx_word' id='word_1_294' title='bbox 459 3747 628 3831; x_wconf 87' lang='lat' dir='ltr'><strong>pecoribus</strong></span> <span class='ocrx_word' id='word_1_295' title='bbox 646 3749 820 3827; x_wconf 90' lang='lat' dir='ltr'><strong>admiserit,</strong></span> <span class='ocrx_word' id='word_1_296' title='bbox 841 3771 952 3813; x_wconf 82' lang='lat' dir='ltr'><strong>servus</strong></span> <span class='ocrx_word' id='word_1_297' title='bbox 973 3751 1115 3812; x_wconf 85' lang='lat' dir='ltr'><strong>tradatur</strong></span> <span class='ocrx_word' id='word_1_298' title='bbox 1133 3753 1171 3813; x_wconf 89' lang='lat' dir='ltr'><strong>ad</strong></span> <span class='ocrx_word' id='word_1_299' title='bbox 1190 3761 1326 3835; x_wconf 62' lang='lat' dir='ltr'><strong>poenam,</strong></span> 
     </span>
     <span class='ocr_line' id='line_1_41' title="bbox 158 3829 1327 3917; baseline 0.001 -26"><span class='ocrx_word' id='word_1_300' title='bbox 158 3892 161 3899; x_wconf 79' lang='grc'><strong>,</strong></span> <span class='ocrx_word' id='word_1_301' title='bbox 243 3839 282 3892; x_wconf 90' lang='lat' dir='ltr'><strong>ut</strong></span> <span class='ocrx_word' id='word_1_302' title='bbox 312 3840 472 3895; x_wconf 88' lang='lat' dir='ltr'><strong>trecentos</strong></span> <span class='ocrx_word' id='word_1_303' title='bbox 494 3829 627 3891; x_wconf 88' lang='lat' dir='ltr'><strong>fustium</strong></span> <span class='ocrx_word' id='word_1_304' title='bbox 651 3829 732 3895; x_wconf 87' lang='lat' dir='ltr'><strong>ictus</strong></span> <span class='ocrx_word' id='word_1_305' title='bbox 760 3833 905 3917; x_wconf 81' lang='lat' dir='ltr'><strong>accipiat.</strong></span> <span class='ocrx_word' id='word_1_306' title='bbox 966 3835 1124 3899; x_wconf 87' lang='lat' dir='ltr'><strong>Dominus</strong></span> <span class='ocrx_word' id='word_1_307' title='bbox 1148 3844 1253 3896; x_wconf 83' lang='lat' dir='ltr'><strong>autem</strong></span> <span class='ocrx_word' id='word_1_308' title='bbox 1274 3843 1327 3910; x_wconf 74' lang='lat' dir='ltr'><strong>pt⁰</strong></span> 
     </span>
    </p>
   </div>
   <div class='ocr_carea' id='block_1_7' title="bbox 298 4063 1327 4158">
    <p class='ocr_par' dir='ltr' id='par_1_11' title="bbox 298 4063 1327 4158">
     <span class='ocr_line' id='line_1_42' title="bbox 298 4063 1327 4158; baseline 0.006 -45"><span class='ocrx_word' id='word_1_309' title='bbox 298 4071 345 4129; x_wconf 55' lang='lat' dir='ltr'><strong>tlt)</strong></span> <span class='ocrx_word' id='word_1_310' title='bbox 361 4067 472 4125; x_wconf 75' lang='lat' dir='ltr'><strong>llcrold.</strong></span> <span class='ocrx_word' id='word_1_311' title='bbox 502 4067 712 4124; x_wconf 83' lang='lat' dir='ltr'><strong>Gundomarem.</strong></span> <span class='ocrx_word' id='word_1_312' title='bbox 781 4075 805 4144; x_wconf 89' lang='lat' dir='ltr'><strong>i)</strong></span> <span class='ocrx_word' id='word_1_313' title='bbox 820 4075 863 4128; x_wconf 76' lang='lat' dir='ltr'><strong>Al.</strong></span> <span class='ocrx_word' id='word_1_314' title='bbox 886 4092 947 4158; x_wconf 41' lang='lat' dir='ltr'><strong>mss·b</strong></span> <span class='ocrx_word' id='word_1_315' title='bbox 974 4090 1113 4146; x_wconf 76' lang='lat' dir='ltr'><strong>patruum,</strong></span> <span class='ocrx_word' id='word_1_316' title='bbox 1180 4077 1208 4146; x_wconf 81' lang='lat' dir='ltr'><strong>t)</strong></span> <span class='ocrx_word' id='word_1_317' title='bbox 1224 4063 1327 4148; x_wconf 76' lang='lat' dir='ltr'><strong>Herold.</strong></span> 
     </span>
    </p>
   </div>
   <div class='ocr_carea' id='block_1_8' title="bbox 237 4126 1326 4282">
    <p class='ocr_par' dir='ltr' id='par_1_12' title="bbox 237 4126 1326 4282">
     <span class='ocr_line' id='line_1_43' title="bbox 241 4126 1326 4219; baseline 0.013 -26"><span class='ocrx_word' id='word_1_318' title='bbox 241 4126 271 4196; x_wconf 85' lang='lat' dir='ltr'><strong>Sl</strong></span> <span class='ocrx_word' id='word_1_319' title='bbox 283 4141 348 4211; x_wconf 74' lang='lat' dir='ltr'><strong>ipsa</strong></span> <span class='ocrx_word' id='word_1_320' title='bbox 366 4140 512 4200; x_wconf 78' lang='lat' dir='ltr'><strong>animalia,</strong></span> <span class='ocrx_word' id='word_1_321' title='bbox 533 4141 575 4192; x_wconf 80' lang='lat' dir='ltr'><strong>vel</strong></span> <span class='ocrx_word' id='word_1_322' title='bbox 590 4145 756 4214; x_wconf 83' lang='lat' dir='ltr'><strong>mancipium</strong></span> <span class='ocrx_word' id='word_1_323' title='bbox 773 4162 832 4200; x_wconf 80' lang='lat' dir='ltr'><strong>non</strong></span> <span class='ocrx_word' id='word_1_324' title='bbox 847 4146 1036 4217; x_wconf 55' lang='lat' dir='ltr'><strong>inseminata,</strong></span> <span class='ocrx_word' id='word_1_325' title='bbox 1056 4150 1131 4208; x_wconf 75' lang='lat' dir='ltr'><strong>sicut</strong></span> <span class='ocrx_word' id='word_1_326' title='bbox 1142 4147 1282 4219; x_wconf 65' lang='lat' dir='ltr'><strong>superius»</strong></span> <span class='ocrx_word' id='word_1_327' title='bbox 1299 4149 1326 4190; x_wconf 77' lang='lat'><strong>”⁸</strong></span> 
     </span>
     <span class='ocr_line' id='line_1_44' title="bbox 237 4210 1033 4282; baseline 0.005 -20"><span class='ocrx_word' id='word_1_328' title='bbox 237 4213 336 4282; x_wconf 61' lang='lat' dir='ltr'><strong>amplo</strong></span> <span class='ocrx_word' id='word_1_329' title='bbox 348 4213 477 4270; x_wconf 65' lang='lat' dir='ltr'><strong>notum</strong></span> <span class='ocrx_word' id='word_1_330' title='bbox 492 4210 633 4268; x_wconf 70' lang='lat' dir='ltr'><strong>indemnis·</strong></span> <span class='ocrx_word' id='word_1_331' title='bbox 1031 4221 1033 4232; x_wconf 90' lang='lat'>&#39;</span> 
     </span>
    </p>
   </div>
   <div class='ocr_carea' id='block_1_9' title="bbox 0 0 1466 5020">
    <p class='ocr_par' dir='ltr' id='par_1_13' title="bbox 0 0 1466 5020">
     <span class='ocr_line' id='line_1_45' title="bbox 0 0 1466 5020; baseline 0 0"><span class='ocrx_word' id='word_1_332' title='bbox 0 0 1466 5020; x_wconf 95' lang='lat' dir='ltr'><strong> </strong></span> 
     </span>
    </p>
   </div>
  </div>
 </body>
</html>
