2876 4992
217 287 289 376 184
652 301 719 354 tex
756 301 880 360 sines

215 447 269 509 eni
290 444 390 508 fuerit
410 439 620 526 adprobatum
634 449 650 518 (
663 437 753 508 nm.
826 445 959 506 Sir-vero
983 464 1057 505 eum
1080 443 1120 505 de
1147 442 1243 506 hellis
1266 451 1324 508 aut

214 542 309 592 mane
327 525 435 594 leodi)
457 532 532 585 sunt
545 523 612 588 din.
629 523 753 586 XXIV.
786 526 826 588 de
851 527 946 586 ramis
964 539 1060 608 super
1079 527 1245 605 operuerit
1266 536 1324 587 ent

211 613 337 674 faciunt
363 609 421 670 sol.
436 607 502 667 DC.
524 605 610 688 culp.
626 606 693 668 iud.
786 629 859 672 eum
887 609 1068 670 incenderit
1097 607 1223 673 XXIV.
1246 609 1323 670 den.

255 773 290 837 Si
305 795 383 838 vero
401 793 474 832 eum
487 778 589 830 traste
610 769 751 832 domini·
784 693 984 855 qugifafflgrt
994 691 1242 834 iiiiiiccioiiii
1252 691 1323 834 Idri-

214 880 284 920 eam
304 865 353 918 est
372 863 427 915 aut
439 853 608 912 mulierern
623 855 752 914 occide·
783 856 939 916 minicurn
955 855 1117 916 oeeisserit
1131 857 1231 928 (nino.
1244 857 1323 914 mol-

211 935 277 1018 rit,¹
310 937 363 999 eni
403 936 502 996 fuerit
542 934 752 1016 adprobatum
782 942 866 1018 cho)
890 935 1014 1002 XXIV.
1028 937 1100 997 den.
1126 937 1183 1018 qui
1195 937 1323 998 iaciunt

213 1030 328 1096 (nnis.
339 1018 426 1080 leodi
434 1027 529 1094 )snnt
544 1016 611 1078 din.
626 1017 750 1082 XXIV.
784 1021 841 1082 sol.
862 1021 928 1080 DC.
947 1020 1032 1100 culp.
1054 1019 1120 1083 iud.

211 1103 338 1166 faciunt
360 1102 418 1165 sol.
436 1099 506 1161 DC.
526 1099 613 1180 culp.
631 1101 699 1163 iud.
823 1101 857 1161 Si
873 1123 957 1163 vero
967 1123 1040 1163 eum
1058 1102 1092 1159 in
1113 1120 1194 1181 aqua
1214 1100 1321 1162 autin

252 1186 287 1246 Si
306 1204 383 1248 vero
401 1203 455 1243 eos
479 1181 513 1240 in
536 1201 618 1261 aqua
639 1190 693 1242 ant
715 1180 750 1240 in
782 1194 917 1267 puteum
942 1184 1064 1245 miserit
1091 1191 1145 1242 ant
1172 1184 1211 1244 de
1240 1182 1322 1244 albis

210 1275 346 1354 puteum
366 1264 503 1341 miserit,
525 1273 579 1322 aut
599 1263 638 1325 de
655 1264 750 1324 ramis
783 1269 834 1329 vel
852 1268 891 1328 de
908 1266 1004 1328 ramis
1023 1288 1080 1326 sen
1100 1264 1253 1345 quislibet
1265 1287 1320 1326 re-

211 1359 268 1411 aut
282 1348 320 1410 de
344 1346 434 1407 clnlis
451 1365 546 1427 super
569 1347 752 1427 coperuerit
782 1351 842 1410 hus
863 1347 1014 1410 celaverit
1035 1345 1140 1429 (nens.
1156 1349 1322 1410 molcher·

212 1441 267 1493 aut
281 1432 320 1492 de
330 1429 576 1511 quibuscunque
589 1429 685 1488 rebus
702 1449 752 1488 ee·
786 1441 848 1505 ter)
857 1435 987 1496 LXXII.
1009 1432 1082 1491 den.
1104 1428 1161 1510 qui
1181 1429 1241 1490 iae.
1260 1431 1321 1494 sol.

211 1517 329 1576 latores
337 1510 461 1573 steterit
472 1524 678 1578 (nnismatte
689 1511 750 1570 leo·
783 1514 924 1576 IDCCC.
941 1514 1027 1594 culp.
1045 1512 1110 1576 iud.

213 1596 271 1666 di)
292 1603 366 1656 sunt
390 1592 456 1651 din.
478 1590 601 1657 XXIV.
625 1591 751 1653 faciunt
823 1598 857 1656 Si
877 1599 1039 1656 Romanus
1062 1593 1158 1654 homo
1183 1594 1320 1656 conviva

214 1679 272 1744 sol.
288 1675 358 1741 DC.
373 1676 459 1757 culp.
478 1673 544 1736 iud.
782 1679 877 1760 Regis
911 1679 1048 1738 occissus
1076 1677 1174 1736 fuerit
1215 1692 1320 1742 (nino.

208 1771 230 1792 '¹
782 1759 886 1844 leod.)
914 1762 989 1821 X11.
1024 1757 1097 1824 den.
1115 1759 1172 1839 qui
1192 1759 1320 1819 faciunt

783 1843 875 1904 solid.
896 1839 987 1903 CCC.
1012 1839 1069 1921 qui
1092 1861 1166 1902 eum
1191 1840 1319 1902 interfi-

783 1925 826 1986 cit
847 1925 932 2006 equ.
957 1923 1023 1982 iud.

253 2005 287 2065 Si
302 2025 379 2068 vero
394 2004 554 2064 Romanus
571 2001 666 2062 homo
677 2024 748 2086 pos·
823 2007 857 2066 si
872 2027 948 2066 vero
960 2007 1119 2066 Romanus
1132 2003 1230 2066 homo
1241 2027 1317 2087 pos-

211 2108 314 2148 sessor
335 2086 458 2149 oceisus
476 2085 585 2160 fuerit,
603 2085 749 2166 quicum
781 2110 886 2150 sessor
901 2088 1039 2150 occissus
1050 2088 1149 2148 fuerit
1168 2089 1225 2168 qui
1243 2109 1319 2149 eum

210 2168 373 2231 occississe
421 2167 574 2250 probatur
627 2173 639 2236 (
658 2185 747 2232 orsos.
795 2172 962 2232 occisserit
991 2169 1048 2230 IV.
1082 2171 1154 2234 den.
1187 2171 1246 2250 qui
1274 2170 1319 2230 fa-

211 2252 307 2310 uvale
320 2250 426 2322 leodi)
442 2258 518 2310 sunt
534 2249 599 2313 dio.
616 2249 673 2314 IV.
686 2252 747 2314 fac.
784 2253 876 2314 ciunt
905 2255 963 2318 sol.
990 2255 1025 2313 C.
1044 2253 1128 2334 culp.
1147 2252 1214 2312 iud.

210 2333 267 2393 sol.
289 2330 325 2396 C.
350 2333 436 2412 culp.
458 2333 523 2391 iud.

252 2413 285 2472 Si
299 2415 459 2475 Romanus
480 2413 644 2480 niutarius
665 2412 748 2472 ocoi-
821 2419 1102 2499 SiquisRomanus
1111 2415 1318 2475 tributarium

207 2517 263 2558 'sus
286 2497 395 2572 fuerit,
414 2497 466 2557 cui
483 2497 581 2556 fuerit
597 2495 746 2576 adproba·
780 2500 942 2562 occisserit
962 2499 1147 2562 IIDCCCC.
1165 2498 1239 2562 den.
1258 2497 1316 2579 qui

211 2588 280 2638 tum
293 2588 408 2651 (nris.
427 2579 522 2638 ovalo
539 2576 646 2652 leodi)
672 2585 749 2636 sunt
780 2585 904 2643 faciant
921 2583 979 2648 sol.
994 2581 1064 2642 LX.·
1077 2580 1246 2662 culpabilis
1267 2581 1316 2642 iu·

211 2660 278 2804 dig.
297 2660 357 2723 III.
380 2660 440 2725 sac.
462 2659 520 2721 sol.
535 2658 635 2721 LXX.
662 2659 746 2741 culp.
780 2667 916 2734 dicetur,
951 2733 953 2738 ,

210 2741 247 2806 iu
271 2743 382 2806 inetur.

780 2862 922 2973 inx'.
970 2899 1261 2969 nenomnnn
1281 2899 1319 2970 in

835 2995 1070 3070 contubernio
1084 2999 1199 3072 fectis.
1232 2996 1269 3092 e)

254 3163 288 3224 Si
308 3165 380 3246 quis
399 3163 562 3226 hominem
583 3162 749 3240 invinerit,
823 3161 857 3223 Si
884 3163 955 3243 quis
976 3163 1121 3223 collecto
1141 3160 1319 3221 contuber-

201 3245 248 3310 ‘in
269 3247 448 3326 quadruvio
464 3246 533 3307 sine
548 3268 688 3322 manum,
710 3247 749 3306 si·
782 3243 837 3306 nio
871 3244 1034 3305 hominem
1067 3246 1245 3326 ingenuum
1282 3243 1337 3302 in¹

214 3348 255 3386 ne
283 3328 404 3408 pedes,
430 3349 526 3409 quem
555 3329 678 3388 inimici
701 3328 750 3388 sui
783 3328 877 3388 domo
902 3349 958 3386 sna
980 3327 1155 3387 adsallierit
1181 3335 1213 3385 et
1242 3347 1318 3386 eum

213 3407 333 3468 ibidem
353 3409 525 3486 mIserunt‚
547 3421 578 3471 et
600 3433 673 3470 eum
692 3431 750 3490 pro
783 3409 945 3471 occisserit
972 3415 1085 3482 (nens.
1110 3408 1271 3484 besitolio)
1294 3407 1322 3466 si

214 3490 380 3566 occiderit,
400 3491 453 3550 eui
478 3493 751 3574 fueritadproba·
785 3491 947 3552 antruscio
986 3491 1164 3550 dominicus
1202 3490 1321 3564 fuerit,

214 3572 323 3632 batum
344 3577 461 3646 (ntro.
471 3573 649 3655 friesalto)
678 3583 753 3635 sunt
786 3575 841 3633 ilie
861 3574 916 3654 qui
936 3594 1009 3632 eurn
1026 3570 1180 3633 occiderit
1192 3572 1322 3631 LXXV.

216 3653 282 3716 din.
309 3656 366 3721 IV.
392 3655 515 3715 faciunt
560 3657 653 3722 solid.
681 3679 754 3718 cen·
787 3657 859 3720 den.
882 3656 939 3736 qui
958 3655 1080 3716 faciunt
1100 3655 1158 3715 soi.
1179 3653 1323 3718 IDCCC.

214 3744 281 3797 turn
303 3737 354 3810 d).
395 3737 501 3798 Erunt
524 3740 754 3822 quisol.pen-
788 3738 872 3817 culp.
896 3738 962 3801 iud.

213 3840 283 3882 sare
312 3822 365 3880 vel
390 3821 523 3902 probare
547 3823 688 3899 dibiant,
716 3830 748 3880 et
788 3867 790 3872 .
823 3822 856 3880 Si
882 3815 1126 3890 veroantruscio
1143 3815 1326 3890 dominicus

212 3901 396 3979 hociacto,
417 3904 443 3964 si
471 3904 516 3964 eis
547 3903 747 3982 convinerit,
782 3925 848 3962 non
881 3900 980 3962 fuerit
1015 3899 1131 3965 XXIV.
1159 3900 1233 3961 den.
1264 3899 1325 3981 qni

227 4021 659 4037 *w—

283 4061 321 4132 d)
339 4061 390 4116 Hic
409 4063 502 4132 aliqua
520 4067 615 4117 omissa
634 4074 681 4116 ant
698 4060 860 4132 transposita
878 4071 949 4114 sunt.
985 4061 1052 4112 Nam
1071 4077 1143 4129 quae
1165 4069 1326 4128 sequuntur

213 4133 249 4188 ad
266 4133 320 4184 Tit
339 4133 463 4185 XLVIII.
482 4137 523 4188 De
541 4135 637 4188 Reibns
654 4136 799 4204 pertinent.
873 4151 886 4183 e
886 4140 907 4196 J
927 4131 1011 4183 Series
1029 4131 1182 4182 Tituloruni
1199 4131 1230 4180 in
1248 4139 1326 4182 utro-

213 4220 268 4272 que
284 4203 387 4255 Codice
404 4220 478 4258 nunc
497 4206 535 4258 its
553 4207 655 4267 differt,
675 4215 705 4257 nt
730 4221 814 4255 unum
840 4203 917 4254 iuxta
938 4204 1052 4252 alterurn
1078 4217 1179 4268 ponere
1197 4199 1325 4270 emplius

215 4288 271 4329 non
289 4271 410 4329 licuerit.
459 4275 515 4331 Sed
535 4277 645 4351 consule
663 4275 793 4330 tabellam
812 4290 892 4347 qnam
911 4273 939 4329 in
957 4273 1010 4325 fine
1026 4269 1180 4326 adiecimus.
