2826 4998
233 243 285 320 tto
567 263 673 325 trois
695 263 844 325 saucia
861 265 934 333 τιτ,
956 267 1084 328 xerat

234 418 306 488 teir,
328 411 373 486 ot
393 400 510 466 iterum
534 400 575 466 ad
603 402 683 466 alios
708 401 820 469 decem
849 413 886 468 nt
906 404 1082 469 instantias
1097 406 1208 472 decem
1226 399 1323 479 anates

240 501 359 568 noctes.
372 485 489 564 exinde
520 486 634 547 debeat
660 487 766 558 exire;
789 496 822 548 et
848 488 986 566 socedat,
1028 491 1125 568 Quod
1141 491 1168 552 si
1186 493 1322 575 noluerit,

225 576 263 640 oi
279 573 383 634 adhue
395 567 555 645 noluerit,
578 569 695 628 iterum
710 569 821 629 decem
850 570 968 631 iterum
978 573 1073 632 tertio
1084 573 1218 656 placito,
1239 579 1323 638 utin-

229 665 347 732 ,noctes
364 653 405 714 ad
419 650 574 733 placitum
589 651 702 727 addat,
725 658 758 710 et
776 649 821 710 sio
849 653 899 714 fra
916 652 1027 714 decem
1043 663 1153 717 noctes
1170 668 1267 737 exeat,
1281 659 1326 720 de·

228 732 348 808 ςΧνΧΧ.
371 743 481 794 noctes
512 733 652 815 impleat.
693 732 729 792 Si
761 752 821 794 nec
851 734 995 800 nunciet.
1016 735 1048 794 Si
1060 759 1138 798 vero
1153 738 1327 806 XXX.noo·

214 825 315 884 'tuno
339 815 479 878 voluerit
500 815 607 892 exire,
630 824 713 877 tuno
731 834 821 873 man·
851 826 899 877 tes
936 816 1085 902 impletae
1126 820 1264 899 fuerint,
1300 828 1327 883 et

230 898 306 966 ¹aiat
326 920 400 960 eum
428 898 468 957 ad
496 897 649 974 Mallum,
674 905 707 957 et
726 904 823 956 testes
852 919 914 960 neo
943 919 1032 960 nuno
1061 900 1204 962 voluerit
1232 903 1327 980 exire,

203 1031 205 1033 .
235 1006 309 1048 suos
328 981 362 1042 in
380 979 523 1060 singulos
540 977 669 1055 mallos,
691 977 749 1059 qui
767 975 825 1037 ibi·
851 979 957 1041 statim
995 980 1089 1040 illum
1128 984 1269 1046 manniat
1296 983 1328 1044 ad

233 1067 312 1130 dem
329 1061 474 1138 fuerint,
495 1081 605 1121 secum
626 1059 744 1121 habere
766 1058 824 1119 de-
851 1061 1004 1140 mallum‚
1026 1071 1060 1122 ot
1074 1071 1172 1126 testes
1185 1087 1266 1146 suos,
1280 1063 1329 1148 qai

137 1199 139 1202 ,
185 1219 187 1222 ¹
230 1149 313 1210 ¹boat
337 1153 477 1227 praestos
502 1143 544 1214 h)
567 1141 645 1204 etsi
678 1142 744 1224 ipse
770 1137 824 1202 oui
853 1143 893 1204 ad
909 1143 977 1225 ipsa
991 1144 1108 1227 placita
1124 1146 1273 1225 fuerunt,
1291 1167 1330 1208 se·

235 1237 387 1292 testatum
405 1234 452 1286 eat
472 1221 615 1285 noluerit
634 1223 765 1300 venire,
793 1229 825 1282 et
853 1245 926 1286 cum
934 1235 1076 1306 praestus
1100 1237 1147 1302 m)
1164 1226 1282 1291 habeat.
1300 1225 1329 1290 si

237 1312 345 1394 aliqua
360 1306 465 1370 Samis
477 1325 540 1367 non
558 1303 825 1380 detinueriteum,
854 1316 961 1368 autem
985 1307 1074 1402 ipse,
1104 1310 1160 1370 cui
1196 1320 1330 1372 testatum

238 1394 307 1478 ipse
328 1389 506 1454 secundum
526 1385 631 1466 legem
652 1407 717 1468 qua
740 1383 827 1446 dixi·
854 1390 1331 1470 est,ven1renoluerit,eteum

238 1497 309 1538 mus
331 1479 463 1534 testatus
488 1476 553 1544 ost,
574 1475 654 1529 tuno
680 1468 746 1551 ipse
768 1465 826 1548 qui
853 1471 961 1552 aliqua
981 1472 1094 1534 sunnio
1116 1495 1183 1535 non
1200 1473 1331 1536 detinue-

151 1589 153 1595 *
240 1553 389 1634 testavit,
419 1571 516 1634 super
538 1549 702 1610 fortunam
737 1570 827 1610 suam
853 1552 913 1630 rit,
934 1560 967 1613 et
980 1555 1161 1616 secundum
1177 1557 1276 1639 legem
1285 1577 1331 1617 su·

239 1647 355 1724 ponat,
377 1645 409 1698 ot
422 1631 712 1715 rogetGravionem
725 1641 761 1692 ut
778 1651 829 1691 ao·
854 1656 912 1716 pra
933 1633 1051 1696 dictam
1070 1646 1203 1700 testatus
1228 1637 1329 1713 fuerit,

233 1721 333 1802 foedat
357 1718 398 1780 ad
415 1717 540 1788 locum,
572 1722 605 1776 et
627 1714 731 1794 ipsum
750 1713 827 1774 inde
855 1726 933 1780 tuno
959 1717 1049 1799 ipse,
1078 1719 1137 1800 qui
1160 1721 1192 1782 ei
1215 1727 1331 1782 testatus

241 1801 402 1885 expellat,
425 1797 498 1860 etsi
517 1794 561 1855 ibi
578 1793 702 1876 aliquid
717 1794 827 1857 elabo-
854 1807 922 1877 est,
943 1819 1040 1880 super
1057 1800 1192 1862 fortuna
1213 1822 1266 1862 sua
1280 1821 1332 1884 po·

240 1885 346 1961 ravit,
367 1880 443 1964 quia
460 1880 565 1960 legem
583 1876 690 1938 noluit
705 1877 828 1954 audire,
856 1887 926 1956 nat,
947 1888 980 1941 et
993 1881 1170 1962 gratiorem
1182 1892 1284 1965 roget,
1303 1888 1332 1942 ut

243 1966 382 2040 amittat,
407 1970 439 2022 et
459 1961 591 2040 insuper
618 1960 726 2034 (aare.
753 1955 828 2017 Wi-
856 1961 987 2023 accedat
1002 1963 1184 2044 adlooum,
1205 1965 1332 2046 etipsrm

244 2049 303 2110 dre
317 2069 352 2106 sa
368 2044 477 2116 tholo)
501 2037 602 2103 MCC.
617 2039 691 2100 den.
711 2039 769 2122 qui
784 2040 830 2098 sa·
856 2043 933 2106 inde
956 2045 1099 2126 expellat
1118 2057 1181 2126 n),
1204 2056 1236 2108 et
1252 2047 1277 2107 si
1294 2045 1332 2104 ibi

243 2131 336 2192 ciunt
359 2124 451 2189 solid.
472 2124 563 2184 XXX.
587 2120 758 2205 culpabilia
782 2122 830 2182 iu·
855 2124 1188 2207 aliquidelaborovit‚
1209 2127 1333 2210 quialo·

243 2212 379 2276 dicetur
857 2227 930 2289 gem
942 2207 1047 2269 noluit
1061 2212 1195 2288 audire,
1216 2209 1331 2283 amittat,
1346 2267 1348 2272 .

286 2292 329 2354 ΙΙ.
370 2289 405 2349 Si
428 2287 501 2370 quis
525 2307 602 2348 vero
622 2282 829 2367 admigravit,
858 2296 891 2348 et
920 2288 1051 2370 insuper
1078 2292 1162 2354 ICC.
1187 2291 1259 2357 den.
1284 2289 1333 2372 qui

246 2385 280 2438 et
291 2374 322 2437 ei
337 2370 452 2452 aliquis
471 2369 554 2428 iufra
568 2366 647 2430 XII.
662 2387 786 2428 menses
798 2367 831 2440 i)
857 2368 983 2430 iaciunt
997 2369 1055 2432 sol.
1075 2373 1168 2440 XXX.
1186 2373 1268 2456 culp.
1277 2371 1332 2432 iad.

245 2456 357 2520 nullas
381 2459 510 2515 testatus
544 2449 661 2526 fuerit,
690 2448 746 2510 ubi
773 2446 831 2541 ati-
901 2452 959 2517 111.
1000 2451 1034 2513 Si
1059 2475 1136 2515 vero
1158 2455 1230 2538 quis
1249 2454 1334 2514 alium

245 2535 417 2622 migravit,
455 2553 587 2594 securus
606 2529 763 2594 sicutalii
781 2549 831 2592 vi·
859 2532 894 2595 in
914 2531 1025 2594 villam
1054 2536 1193 2598 alienam
1212 2536 1333 2618 migrare

247 2621 315 2688 cini
335 2614 553 2690 consistatis).
858 2615 1020 2698 rogaverit
1058 2627 1229 2698 antequam
1266 2637 1335 2678 con·

859 2698 1257 2776 ventumfuerialnccc.
1272 2699 1335 2760 dea.

860 2777 918 2860 qui
940 2778 1065 2841 faciunt
1086 2779 1145 2842 sol.
1164 2779 1257 2848 XLV.
1279 2777 1337 2840 cul-

860 2859 977 2944 pabilis
997 2861 1064 2928 iud.

290 2948 355 3014 Ill.
396 2946 430 3008 Si
444 2941 607 3029 quievero
623 2931 834 3000 aliaminvil-
902 2940 960 3009 lv.
978 2981 985 2994 .
1002 2943 1147 3005 Siautem
1159 2942 1336 3028 quismigra·

248 3031 314 3097 lam
340 3029 477 3092 alienam
506 3023 641 3106 migrare
665 3028 834 3100 antequam
860 3023 942 3086 verit
962 3025 996 3084 in
1015 3025 1124 3086 villam
1139 3026 1291 3102 alienam,
1310 3030 1336 3084 et

251 3122 447 3178 conventum
475 3107 574 3168 fuerit
606 3101 767 3184 rogaverit
795 3099 834 3171 l)
862 3105 893 3166 ei
915 3105 1039 3189 aliquid
1059 3107 1144 3168 infra
1169 3109 1237 3170 ΧΠ,
1256 3125 1336 3167 men.

249 3192 411 3262 MDCCC.
438 3190 512 3253 den.
545 3183 602 3267 qui
628 3183 753 3244 faciunt
775 3181 836 3246 sol·
862 3207 912 3250 ses
926 3188 1103 3250 seeundum
1120 3191 1224 3272 legem
1238 3197 1337 3252 oonte-

249 3275 354 3346 XLV.
375 3267 545 3358 culpabilis
563 3266 734 3330 iudicetur.
845 3275 980 3354 ‘etatum
995 3272 1199 3351 metuerit,
1221 3285 1337 3335 securus

431 3417 434 3422 Α
857 3347 985 3414 ibidem
1008 3351 1182 3434 consistat,
1210 3353 1290 3418 sicot
1311 3353 1338 3412 et

859 3428 1054 3506 aliivicini.

253 3767 680 3802 Μ

320 3850 400 3924 h)1n
415 3865 496 3918 marg.
511 3860 633 3919 paratos.
686 3839 766 3912 0111
782 3851 866 3916 marg.
882 3853 983 3900 noctes.
1036 3841 1070 3920 ir)
1087 3845 1121 3903 In
1136 3863 1217 3920 marg.
1233 3855 1342 3903 »naneae

251 3926 329 3993 t)1n
345 3938 424 3990 marg.
442 3937 522 3974 aare.
540 3915 636 3970 andan
653 3911 774 3966 theocho.
834 3919 883 3982 m)
899 3918 961 3969 Duo
986 3914 1057 3972 Pith.
1074 3933 1206 3990 praestus,
1263 3919 1340 3972 eloai.

248 3992 414 4069 praesentes.
466 3995 499 4050 n)
517 3987 572 4040 Est.
589 3986 666 4037 Tune
684 3984 751 4051 ipre,
770 3983 821 4052 qui
830 3985 858 4036 ei
866 3998 978 4038 testatus
994 3999 1160 4049 ertsomnem
1176 3987 1341 4043 substantiam

248 4058 476 4135 suampromittit.
511 4058 541 4108 Si
551 4055 632 4108 illisu
666 4048 760 4106 adim
795 4055 958 4106 rotarenon
974 4059 1104 4127 potuerit,
1120 4061 1341 4130 superformant

249 4151 327 4190 ouem
348 4139 482 4202 ponetur,
510 4137 536 4179 et
555 4127 611 4178 Gra
635 4139 711 4175 onem
728 4121 762 4189 (i
798 4135 839 4176 est
859 4124 1009 4197 Comitem)
1024 4140 1114 4201 roget,
1134 4141 1165 4182 ω
1180 4125 1290 4184 accedat
1308 4115 1342 4175 ad

251 4207 341 4260 locum
378 4207 405 4255 tt
421 4199 478 4270 ipse
494 4191 557 4249 inde
578 4193 699 4264 expellat
715 4205 782 4245 eunt.
841 4246 842 4258 χ
