2900 5020
454 272 569 338 'mors'
584 277 785 355 rmsronun
809 279 882 334 rrr.
902 280 950 337 1x.
1191 263 1263 340 357

131 463 137 474 ·
226 419 322 488 vill.
363 419 463 482 lllnm
478 440 575 501 vero,
602 417 660 501 qui
683 417 768 481 nshil
795 418 903 482 facere
928 417 1031 498 solet,
1061 418 1119 483 sed
1137 429 1263 486 tantum

139 507 177 570 iu
197 515 291 570 curte
306 511 363 566 eut
383 501 528 578 invilla
545 498 646 584 iacet,
669 520 737 566 uuo
758 501 904 564 tremisse
926 506 1106 587 componet
1168 531 1171 543 ·

134 675 138 683 ’
216 657 313 728 Trr.
333 651 383 728 V.
417 656 477 727 De
493 654 723 744 hominibus,
750 655 907 748 quisine
933 655 1196 748 compositione

548 755 663 826 occidi
697 765 859 850 possunt.

230 885 258 951 Ι.
300 883 529 965 campionem,
552 891 585 946 et
607 873 704 960 eum,
724 879 838 964 quiin
861 879 985 966 praelio
1004 879 1103 942 fuerit
1123 881 1259 963 occisus,

134 978 179 1032 *et
203 968 389 1030 adulterum
414 975 447 1028 et
475 967 605 1045 iurem,
633 967 661 1029 si
686 967 722 1026 in
744 966 848 1043 losse,
882 985 946 1046 que
975 963 1107 1026 domum
1128 964 1262 1048 alteriue

145 1051 288 1113 effodere
309 1055 463 1128 conetur,
485 1049 588 1111 fuerit
605 1056 773 1132 repertus,
805 1055 840 1108 et
860 1067 954 1124 eum,
983 1047 1041 1128 qui
1061 1047 1193 1118 domum
1214 1051 1263 1110 sl-

144 1133 248 1194 terins
279 1129 622 1208 incendere'volens,
660 1131 765 1192 fecem
793 1136 1016 1206 manutenet,
1045 1129 1090 1189 ita
1118 1139 1156 1189 ut
1178 1129 1263 1218 ignis

143 1225 269 1278 tectum
293 1214 346 1275 rel
370 1212 533 1296 parietem·
549 1212 663 1274 domus
687 1221 811 1294 tanget:
833 1210 890 1293 qni
912 1212 1025 1282 fanum
1048 1209 1195 1296 effregit,
1230 1223 1263 1278 et

145 1297 254 1358 infers
273 1295 313 1358 ab
340 1305 434 1356 utero
457 1295 618 1372 sublatus,
648 1302 685 1355 et
702 1302 854 1356 enecatus
871 1315 890 1356 a
907 1303 1007 1356 matre
1026 1299 1075 1365 n).
1189 1363 1192 1368 Δ

228 1379 273 1440 ΙΙ.
313 1379 355 1440 Et
375 1377 403 1438 si
423 1376 486 1439 hoc
510 1376 678 1460 quaelibet
698 1375 841 1454 foemina
857 1375 973 1437 feeerit
984 1421 994 1454 ,
1022 1375 1154 1448 leudem
1172 1399 1262 1454 suem

142 1460 227 1546 Regi
254 1469 446 1545 componet,
474 1469 514 1522 et¹
535 1460 563 1523 si
587 1459 736 1544 regerit,
763 1480 846 1530 enm,
864 1457 906 1524 V.
928 1457 1014 1521 iuret

353 1610 443 1682 Tm
468 1610 537 1684 VI.
578 1610 639 1681 De
668 1595 845 1702 coniugiis
874 1610 1073 1702 ignoratis·

226 1737 254 1806 I.
295 1736 329 1802 Si
354 1739 458 1802 libera
478 1739 621 1802 foemina
645 1739 704 1801 lito
733 1737 898 1823 nupserit,
938 1737 1090 1802 nesciens
1118 1759 1192 1803 eum
1217 1741 1260 1802 li-

145 1830 217 1885 tum
249 1845 334 1901 esse,
361 1833 394 1885 et
421 1823 480 1885 ille
505 1832 615 1908 postea
640 1823 803 1906 decapite
825 1842 971 1902 suo,eo
996 1822 1084 1904 qnod
1104 1821 1182 1884 litus
1203 1823 1288 1905 tit,=

137 1905 245 1968 'fuerit
269 1905 499 1976 calumniatum
528 1905 555 1968 si
585 1906 642 1966 ille
664 1913 721 1968 sne
741 1911 831 1966 sexta
863 1923 963 1964 menn
988 1903 1097 1965 iurare
1121 1906 1262 1986 poterit,

144 1987 234 2070 quod
259 1996 430 2074 postquem
449 2011 524 2051 eum
553 1988 650 2050 litum
676 2008 744 2050 esse
767 1984 917 2064 rescivit,
939 2007 1014 2046 cum
1032 2007 1079 2048 -eo
1097 2004 1285 2050 romeon--

145 2070 312 2133 cumberet
338 2077 385 2151 o),
425 2071 493 2158 ipsa
522 2069 624 2132 libere
653 2079 859 2160 permaneat,
893 2076 926 2130 et
955 2068 1035 2147 filii,
1069 2089 1152 2151 quos
1180 2091 1260 2153 pro·

146 2151 301 2215 'crearit'
975 2153 977 2162 ‘

228 2236 270 2297 11.
310 2235 345 2296 Si
371 2256 449 2298 vero
474 2233 581 2298 iurare
601 2255 667 2295 non
686 2232 804 2316 possit,
824 2233 858 2295 in
883 2231 1138 2318 compositorem
1154 2235 1261 2299 mariti

143 2315 194 2380 cui
221 2339 284 2381 uno
305 2339 381 2383 eum
402 2317 478 2380 filiis
504 2318 570 2381 suis
603 2325 752 2383 nauseat.

459 2469 550 2570 ΤΠ.
576 2469 662 2546 vll.
713 2467 772 2539 De
809 2467 946 2546 Brand.

228 2598 253 2658 Ι.
295 2597 331 2661 δί
358 2598 431 2682 quis
457 2598 588 2661 domum
610 2597 743 2661 alterius
765 2598 967 2678 incenderit,
989 2597 1089 2683 ipsum
1115 2600 1260 2678 domum,

146 2688 179 2742 et
207 2677 366 2764 quicquid
396 2683 430 2742 in
454 2702 491 2742 ea
518 2692 760 2743 concrematum
786 2689 857 2758 est,
893 2681 926 2740 in
956 2681 1057 2765 duplo
1079 2682 1260 2766 componet.

227 2761 272 2824 11.
314 2763 348 2823 si
370 2773 478 2824 autem
503 2764 671 2826 dominum
697 2764 810 2825 domus
832 2763 967 2824 flammis
995 2783 1036 2826 ex
1069 2766 1137 2849 ipse
1163 2765 1261 2829 domo

146 2840 259 2923 egredi
293 2845 467 2926 compulit,
501 2855 534 2908 et
554 2867 716 2930 egressum
742 2845 882 2924 oceidit,
911 2857 1083 2929 componet
1103 2864 1263 2909 surn’no-

146 2925 233 3000 vies,
265 2926 489 3009 cuiuscunque
526 2929 627 2991 fuerit
655 2927 869 3007 conditionis,
913 2929 982 2990 sive
1020 2929 1157 3008 nobilis,
1191 2930 1260 2994 sive

146 3003 245 3100 liber,
270 3007 338 3070 sive
359 3008 437 3070 litus
456 3009 506 3072 sit.
553 3013 641 3074 Haec
669 3010 858 3074 constitutio
880 3031 921 3072 ex
948 3009 1055 3074 edicto
1073 3009 1169 3095 Regis
1187 3033 1259 3095 pro·

146 3097 251 3151 cessrt.
864 3101 869 3112 '
1154 3132 1158 3142 ι
1191 3132 1194 3140 ·

214 3171 300 3226 Trans
319 3169 442 3226 Leuheei
457 3172 486 3225 in
504 3171 606 3228 fredam
620 3167 714 3230 novies
738 3175 879 3248 componit
895 3175 1071 3243 weregildum
1087 3193 1174 3230 suum.

406 3311 497 3383 ΤΙΤ.
530 3313 635 3391 VIII.
692 3315 751 3386 De
775 3311 995 3386 Notnumsti.

223 3437 252 3505 I.
294 3438 329 3502 si
354 3440 427 3523 quis
449 3463 519 3503 rem
537 3442 714 3524 quemlibet
736 3445 769 3507 vi
790 3443 953 3528 rapuerit,
975 3443 1008 3503 in
1036 3442 1172 3525 duplum
1188 3465 1260 3506 eam
1344 3489 1345 3492 η

143 3519 312 3584 restituere
340 3525 570 3604 compelletur,
597 3534 630 3587 et
653 3547 712 3610 pro
739 3528 831 3590 frede
849 3528 942 3592 solid.
968 3525 1258 3612 X11.comp·onat,

143 3603 204 3667 hoc
230 3605 464 3682 est,xxxv1.
486 3607 647 3673 denarios.

206 3686 292 3740 Trans
312 3687 434 3773 Loubaoi
453 3691 482 3742 in
499 3689 597 3761 simplo
616 3700 769 3774 componat„

144 3799 148 3808 .
222 3757 267 3822 ll.
309 3759 354 3822 ht
375 3781 435 3845 pro
456 3760 548 3830 freda
570 3761 782 3844 weregrldum
803 3784 907 3827 suum.

324 3879 327 3886 ’
418 3880 607 3951 T1r.'lX.
669 3880 727 3950 De
753 3878 954 3974 Ferlegeni.

220 4000 246 4068 1.
289 4001 323 4064 si
344 4004 485 4066 foemina
505 4007 670 4089 quaelibet
703 4007 827 4070 homini
851 4007 986 4070 cuilibet
1007 4005 1200 4071 fornicando
1221 4029 1255 4070 se

155 4111 636 4136 man——

144 4197 167 4246 '.
209 4169 241 4235 n)
262 4169 339 4222 tino.
368 4184 394 4223 et
417 4172 553 4246 insererem
586 4175 620 4228 ab
649 4185 729 4242 cetero
754 4174 851 4230 matris
876 4174 1012 4230 sublatum
1045 4191 1150 4235 enecat.
1221 4181 1256 4252 o)

142 4233 215 4289 lind.
235 4241 392 4297 concubuit.
489 4273 494 4279 ·
