2906 5008
206 289 282 368 304
495 303 598 362 tuuis
617 297 915 362 auuouuniouu'u.
942 305 1013 363 nr.
1031 308 1056 363 1.

205 450 378 535 qnisquam
404 445 445 508 da
479 443 626 527 quoIibet
658 465 787 507 caussae
825 465 943 527 genere
972 443 1096 506 omissis
1133 443 1315 524 iudicibus3

205 535 354 609 hoc-eu,
383 527 496 605 tertio,
529 537 564 588 ut
589 549 684 611 supra
710 527 875 602 iussimus,
913 549 979 589 non
1007 528 1241 610 interpellatis,
1272 531 1315 590 ad

209 639 269 678 nos
295 614 408 677 venire
439 610 707 694 praesumpserit,
736 621 828 683 (eum
858 610 933 685 iiia,
968 617 1081 692 qnam)
1111 611 1143 686 in
1170 611 1315 673 indicem

206 697 410 761 differentem
451 693 635 770 statuimus,
682 693 801 752 mulcta
847 692 1045 775 constringat
1078 698 1117 770 a).
1188 694 1232 753 Et
1270 715 1312 755 ne

207 783 290 842 forte
314 799 372 862 per
395 775 570 837 absentiam
593 777 817 856 deputatorum
835 775 982 835 iudicum
1007 775 1137 858 negotiu
1161 775 1313 837 differun-

205 873 261 925 tur
281 863 341 939 b)‚·
364 860 487 920 nuliam
508 879 649 918 caussam
670 859 800 918 absente
823 857 924 918 altero
951 857 1058 918 indice
1076 856 1128 917 vei
1152 857 1313 920 Romanus

211 965 319 1008 eomes
347 943 401 1006 vel
429 941 617 1022 Burgundio
647 940 790 1001 indicare
821 948 1022 1022 praesumat,
1056 947 1215 1020 quatenus
1244 952 1314 1002 stu-

207 1029 324 1105 deant,
363 1033 400 1086 ut
430 1023 555 1103 saepius
578 1030 765 1105 expetentes
789 1042 823 1082 se
846 1021 887 1083 de
917 1023 1025 1105 legum
1052 1021 1165 1082 ordine
1196 1023 1313 1084 incerti

205 1131 275 1174 esse
297 1130 362 1170 non
385 1105 514 1188 possint.
557 1104 802 1165 Constitutionis
822 1124 898 1164 vero
916 1114 1042 1166 nostrae
1061 1101 1175 1166 seriem
1191 1103 1314 1186 placuit

210 1194 307 1255 etium
339 1191 462 1252 adiectu
487 1188 640 1249 comitum
664 1185 898 1268 subscriptione
936 1186 1074 1263 firmari,
1107 1195 1144 1246 ut
1164 1188 1312 1250 definitio

207 1295 290 1356 quae
327 1295 368 1336 ex
395 1279 531 1332 tractatu
563 1278 673 1330 nostro
707 1279 741 1330 et
772 1270 934 1330 communi
973 1269 1118 1331 omnium
1145 1271 1312 1332 voluntate

206 1356 388 1438 conscripta
407 1363 472 1430 est,
496 1351 590 1412 etium
616 1373 676 1434 per
691 1361 834 1436 posteros
857 1351 1015 1416 custodite
1041 1361 1217 1435 perpetuae
1235 1375 1314 1437 puo-

206 1438 305 1502 tionis
328 1445 438 1500 teneat
458 1434 646 1498 firmitatem.

207 1616 350 1674 uounu
368 1615 509 1681 nonuu,
540 1615 604 1688 ou1
624 1616 733 1670 trous
752 1617 822 1672 vsu
840 1614 1043 1688 seousuru
1064 1615 1314 1681 cousmrura,

166 1733 172 1739 ·
240 1719 287 1775 ur
306 1719 388 1772 uus
401 1717 496 1789 Quas
513 1719 552 1770 ur
570 1719 689 1772 riuum
708 1719 841 1772 riorus
859 1717 1134 1780 courmeurua,
1155 1718 1283 1773 sluaa-

308 1821 394 1878 Tum
413 1818 523 1884 suut.
551 1819 620 1874 vsu
637 1820 676 1870 ru
694 1819 883 1874 rosrsauu
902 1821 979 1872 cau
998 1817 1114 1874 raone
1134 1820 1206 1873 neo

570 1923 718 1978 susmcu
744 1922 951 1980 servarum.

204 2031 269 2114 Sig.
290 2027 422 2111 Abgaris
443 2047 523 2091 com.
773 2027 837 2109 Sig.
859 2025 1006 2108 siggonis
1028 2047 1108 2088 com.

206 2115 272 2196 sig.
292 2110 499 2173 Aunemundi
519 2129 599 2171 com.
774 2110 1079 2192 Sig.‘Fredemundi
1101 2129 1181 2174 com.

205 2199 270 2276 Sig.
291 2193 421 2254 Unnuui
443 2213 523 2257 com.
775 2191 839 2274 sig.
861 2191 1048 2251 Wanahsrii
1069 2212 1151 2257 eom.

204 2279 269 2358 Sig.
290 2275 443 2336 Hildeulfi
462 2295 542 2335 corn.
774 2274 839 2355 sig.
861 2273 1002 2333 Wiifilae
1025 2293 1107 2339 com.

204 2357 480 2440 sig.Hi1degerni
502 2378 582 2418 eom.
773 2355 838 2439 Sig.
860 2355 1034 2438 Sigisvuidi
1055 2377 1136 2418 com.

205 2442 271 2523 sig.
291 2439 414 2521 Usgildi
433 2461 514 2504 com.
774 2437 839 2521 Sig.
858 2437 974 2500 Soniue
997 2459 1077 2505 eom.

205 2525 271 2605 sig.
292 2523 428 2586 Walesti
449 2543 529 2588 com.
774 2520 838 2603 Sig.
861 2521 1064 2582 Godernundi
1086 2540 1167 2582 com.

205 2607 269 2688 sig.
289 2605 494 2666 Audemundi
516 2624 596 2666 com.
772 2601 838 2688 Sig.
859 2602 1053 2664 Widemeris
1074 2625 1155 2664 com.

206 2691 271 2772 δὶς.
292 2687 453 2750 Audahari
474 2707 566 2752 coru·
775 2685 840 2769 sig.
860 2684 1101 2748 Wudahameris
1122 2704 1205 2750 com.

205 2772 271 2854 Sig.
291 2769 460 2851 Amguthei
481 2789 561 2834 com.
775 2768 841 2850 Sig.
862 2767 987 2828 Silvani
1008 2788 1088 2833 eom.

204 2856 269 2936 sig.
289 2852 442 2914 Auderioi
464 2873 544 2912 com.
775 2849 840 2932 sig.
862 2852 980 2910 Gomae
1002 2872 1084 2916 eom.

204 2937 268 3018 sig.
287 2935 494 2996 Auuemundi
516 2954 597 2994 com.
773 2931 838 3014 sig.
860 2932 998 2993 FastiIae
1020 2954 1101 2993 com.

204 3021 269 3100 sig.
291 3017 480 3081 Wiliimeris
502 3037 582 3082 oum.
774 3015 840 3096 sig.
863 3014 955 3074 Suldi
977 3036 1056 3075 com.

204 3101 269 3182 sig.
292 3099 475 3182 Conegiseli
496 3119 576 3164 com.
772 3097 838 3178 Sig.
860 3097 1036 3160 Gundeulfi
1059 3117 1138 3158 com.

204 3183 270 3264 sig.
291 3179 448 3242 Comarici
470 3203 550 3243 com.
773 3178 837 3261 sig.
860 3178 960 3238 Offini
982 3202 1063 3246 com.

204 3265 270 3348 sig.
290 3262 460 3326 WaIIaerii
479 3285 560 3330 com.
774 3261 839 3344 sig.
859 3261 1027 3324 Walurimi
1050 3283 1131 3324 com.

352 3425 552 3488 INCIPIT
593 3424 695 3489 LEX
733 3423 1161 3490 BURGUNDIONUM.

207 3537 296 3610 Tru.
322 3535 354 3614 Ι.
403 3535 461 3606 De
485 3535 651 3606 libertate
674 3535 833 3604 donandi
859 3534 1020 3628 putribus
1045 3531 1241 3622 attributa,
1270 3543 1309 3604 et

532 3633 741 3705 muneribus
768 3642 811 3716 c)
835 3636 956 3726 regiis.
1050 3653 1055 3676 ·

290 3763 314 3824 1.
356 3762 440 3840 Quia
458 3759 540 3822 nihil
557 3761 596 3822 de
613 3760 762 3842 praestita
782 3759 822 3835 d)
847 3759 990 3842 patribus
1010 3759 1152 3822 donandi
1172 3755 1305 3818 lieentia

204 3845 255 3910 vel
281 3844 512 3917 munificentia,
539 3843 774 3904 dominantium
810 3851 842 3916 e)
869 3843 994 3924 legibus
1016 3843 1124 3903 fuerat
1146 3839 1305 3904 constitu-

203 3939 292 4004 tum,
315 3927 477 4013 praesenti
500 3925 729 3988 constitutione
754 3925 898 3987 omnium
920 3946 985 3986 nno
1002 3933 1076 3986 voto
1094 3934 1127 3988 et
1139 3923 1304 3987 voluntate

271 4101 301 4172 a)
318 4097 431 4154 Herold.
452 4114 485 4150 ea
504 4114 575 4169 quae
592 4092 708 4147 iudicem
724 4092 830 4167 deferre
846 4096 1006 4158 statuimus,
1024 4095 1126 4148 mulcta
1143 4093 1306 4148 constrictus

201 4174 332 4226 exsoluat.
400 4169 433 4235 b)
452 4166 561 4221 Herold.
587 4165 752 4219 deserantur.
806 4166 837 4233 c)
854 4167 964 4222 Herold.
989 4185 1023 4220 ax
1040 4165 1204 4218 sauneribus.
1275 4158 1307 4229 d)

203 4239 312 4296 Herold
329 4239 492 4310 praeterita.
517 4271 520 4278 ·
562 4243 591 4302 e)
616 4234 724 4292 Herold.
743 4233 930 4298 dominandi..
950 4233 996 4291 ul.
1013 4253 1073 4290 tuse.
1092 4231 1268 4290 dominantis.
