2876 4992
194 347 202 354 ,
226 285 301 377 373
496 305 600 388 mers
613 307 861 366 strumentus
878 311 948 366 rrr.
966 311 1042 368 sur.

226 452 318 526 Tm
342 449 524 562 XLVIII.
549 446 663 548 (50.)
689 453 771 524 ·De
804 454 955 526 homine
987 456 1050 550 qui
1073 456 1153 528 siue
1176 455 1334 529 heredi·

548 563 552 569 '
651 549 718 618 bus
745 557 911 624 moritur.
1132 626 1134 632 ,

307 646 342 720 Si
357 643 695 730 quisprooreationem
705 647 846 710 filiorum
863 651 917 712 vel
939 650 1077 712 filiarum
1093 651 1331 734 nonhabnerit,

119 783 120 788 ,
225 753 354 794 omnem
375 730 562 790 facultatem
579 749 669 788 suam
691 731 725 789 in
749 734 931 813 praesentia
953 734 1060 814 Regis,
1084 734 1148 794 sive
1178 737 1238 816 vir·¹
1256 759 1330 797 mu-

223 815 319 891 lieri,
347 813 397 875 vel
421 810 540 872 mulier
561 810 643 890 viro,
666 833 724 873 seu
738 814 922 896 cuicunque
943 816 1021 876 libet
1042 815 1080 876 de
1102 817 1256 898 proximis
1273 821 1329 881 vel

223 895 387 958 extraneis
406 902 469 971 w),
496 893 647 974 adoptare
675 896 708 954 in
737 895 948 958 hereditatem
971 899 1023 959 vel
1049 899 1191 958 adtirtImi
1208 913 1249 979 x)
1270 919 1329 980 per

221 981 452 1061 scripturarum
475 975 591 1038 seriem
612 997 670 1037 seu
695 999 755 1059 per
777 979 1004 1058 traditionem,
1027 990 1060 1041 et
1076 982 1208 1042 testibus
1234 983 1327 1046 adhi-

220 1060 296 1124 bitis
309 1068 371 1140 γ),
392 1058 572 1122 secuudum
589 1057 696 1142 legem
715 1060 901 1144 Ripuarinm
924 1063 1087 1124 licentiam
1107 1063 1232 1131 haheat.

381 1179 470 1250 TIT·
496 1175 640 1254 XLIX.
690 1176 803 1274 (51.)
852 1181 911 1250 De
936 1181 1157 1256 adfatimire.

304 1298 402 1379 Quod
423 1298 448 1360 si
470 1295 639 1357 adtulimus
654 1295 753 1357 fuerit
768 1297 854 1359 inter
867 1298 975 1361 virum
997 1311 1030 1362 et
1049 1301 1235 1380 mulierem,
1254 1314 1326 1386 post

220 1382 394 1448 discessum
415 1378 582 1444 amborum
604 1379 645 1440 ad
678 1379 838 1462 legitimos
872 1381 1009 1444 heredes
1038 1392 1235 1464 revertatur,
1263 1388 1325 1450 nisi

218 1475 363 1544 tanturn,
391 1463 448 1545 qui
469 1482 580 1544 parem
602 1483 696 1522 snum
721 1463 950 1544 supervixerit,
972 1465 1007 1526 iu
1034 1466 1238 1550 eleemosyna
1269 1472 1324 1534 vel

218 1548 252 1610 in
275 1570 334 1611 sua
356 1545 545 1608 necessitate
566 1551 606 1617 z)
633 1545 833 1627 expenderit.

339 1665 431 1740 TIT.
457 1662 503 1736 L.
553 1659 662 1757 (52.)
712 1662 770 1731 De
796 1664 947 1735 testibus
972 1666 1197 1758 adhibendis.

290 1780 324 1852 I.
367 1785 402 1848 Si
424 1784 496 1868 quis
512 1793 609 1846 testes
630 1782 671 1844 ud
692 1783 825 1844 mallum
839 1795 914 1847 ante
937 1786 1167 1851 Centenarium
1187 1790 1240 1852 veI
1261 1792 1323 1854 Co·

214 1869 337 1950 mitem,
359 1889 417 1930 seu
440 1877 514 1929 aute
536 1871 670 1943 Ducem,
697 1867 869 1928 Patricium
890 1871 942 1929 vel
962 1871 1081 1952 Regem
1107 1895 1237 1936 necesse
1261 1875 1320 1934 ha·

213 1954 332 2030 buerit,
353 1961 390 2012 ut
411 1951 537 2012 donent
558 1949 796 2025 testimonium,
826 1960 857 2011 et
878 1953 1010 2013 fortasse
1034 1963 1129 2018 testes
1154 1958 1321 2018 noluerint

214 2039 255 2098 nd
279 2037 435 2120 placitum
458 2030 583 2108 venire,
605 2031 675 2107 itte,
703 2032 760 2112 qui
782 2053 836 2093 cos
862 2036 1057 2097 necessarios
1085 2038 1198 2114 habet,
1227 2061 1319 2099 man·

214 2121 285 2182 nIre
307 2121 381 2179 illos
403 2115 509 2192 debet,
531 2126 567 2177 at
589 2114 819 2191 testimonium,
841 2117 927 2196 quod
951 2119 1059 2179 sciunt
1084 2121 1178 2181 iurati
1199 2122 1318 2183 dicant.

296 2204 339 2268 11.
379 2200 476 2279 Quod
496 2199 522 2259 si
544 2195 724 2266 noluerint,
748 2206 779 2256 et
798 2199 913 2258 falsum
932 2197 967 2282 a)
987 2203 1206 2263 testimonium
1229 2225 1320 2285 prae.

211 2285 354 2359 buerint,
377 2293 409 2343 et
419 2281 480 2343 hoc
494 2279 703 2360 adprobatum
719 2279 829 2356 suerit,
844 2282 1065 2367 uuusquisque
1083 2285 1122 2349 de
1136 2287 1201 2348 illis
1215 2287 1317 2349 tribus

213 2364 442 2450 &quindecim
470 2362 582 2426 solidis
609 2362 766 2423 multetur
786 2371 831 2434 c).

261 2483 583 2568 T1T.LI.‘(53.)
632 2481 691 2550 De
726 2504 770 2550 eo
802 2482 865 2574 qui
894 2483 1108 2557 Grafionem
1134 2481 1265 2558 adres

617 2581 749 2648 alienas
775 2583 918 2650 Invitat.

294 2685 320 2746 1.
363 2683 397 2745 Si
416 2681 489 2766 quis
510 2677 651 2740 iudicem
669 2675 810 2736 fiscalem
831 2679 871 2738 ad
893 2699 945 2739 res
967 2678 1088 2742 alienas
1111 2679 1228 2744 iniuste
1251 2682 1313 2743 tot·

210 2759 334 2842 lendes,
356 2777 526 2847 antequam
544 2762 574 2822 ei
596 2761 692 2820 fidem
708 2761 834 2835 fecerit,
854 2770 910 2821 aut
936 2763 975 2821 ad
1001 2764 1143 2823 strudem
1166 2765 1315 2825 admalla-

209 2857 280 2910 tnm
299 2848 460 2927 habuerit,
482 2845 620 2908 invitare
642 2843 913 2927 praesumpserit,
941 2844 1176 2928 quinquaginta
1201 2847 1315 2908 solidis
1427 2861 1428 2866 ’

209 2933 375 3002 multetur.

293 3011 338 3078 ll.
381 3009 528 3092 Quodsi
561 3008 634 3090 quis
663 3009 761 3070 iudex
795 3007 911 3070 fiscalis
939 3009 1097 3092 amplius,
1136 3010 1236 3092 qnam'
1259 3008 1315 3070 lex

208 3097 363 3183 Ripuaria
387 3094 544 3171 continet,
569 3091 697 3170 tulerit,
719 3091 955 3174 quinquaginta
979 3093 1090 3155 solidis
1108 3094 1273 3154 multetur.

358 3213 450 3287 Tm
480 3210 563 3285 LII.
614 3210 723 3293 (54.)
771 3209 830 3278 De
856 3232 896 3278 re
912 3222 1092 3302 praestata
1118 3210 1169 3307 cl).

292 3335 327 3398 Si
346 3333 418 3418 quis
440 3353 509 3393 rem
533 3353 622 3393 snam
644 3331 699 3390 atii
721 3331 927 3412 praestiterit,
944 3342 1000 3405 (et
1013 3329 1167 3414 placitum
1185 3331 1315 3394 indixe-

209 3418 254 3484 rit
278 3429 320 3494 ι)
354 3415 443 3495 quod
463 3416 490 3476 si
523 3435 620 3496 super
641 3413 796 3494 placitum
817 3433 885 3475 rem
914 3417 1094 3495 praestitam
1108 3409 1152 3496 f)
1171 3415 1314 3477 retinere

207 3497 468 3588 praesumpserit,
490 3496 678 3581 quiudecim
698 3495 808 3558 solidis
828 3498 990 3559 multetur.

131 3669 134 3674 ·
210 3624 301 3696 Ter.
329 3619 430 3692 LIII.
481 3623 590 3700 (55.)
640 3615 699 3684 De
724 3637 769 3684 eo
790 3615 851 3708 qui
877 3613 1091 3686 Grafionem
1117 3609 1313 3684 interfecit.
1426 3599 1427 3620 ³

268 3799 270 3804 ,
292 3749 316 3816 Ι,
360 3748 395 3809 Si
410 3745 483 3829 quis
499 3744 639 3804 iudicem
655 3741 806 3820 fiscalem,
828 3764 926 3823 quem
946 3744 1104 3808 Comitem
1118 3750 1246 3821 vocant,
1266 3739 1315 3801 in·

209 3833 385 3909 terfecerit,
410 3827 571 3892 sexcentis
592 3824 704 3887 solidis
716 3829 753 3906 g)
773 3826 939 3890 muitetur.

207 3946 645 3978 ow-n--q-ffl

276 4005 316 4077 m)
333 4001 458 4057 Corbion.
477 3999 604 4052 erroneis.
656 3993 814 4068 1)IIerold.
833 3999 881 4051 nel
894 3996 1076 4069 arisatinnirc.
1112 3997 1165 4051 Til.
1184 3996 1215 4048 in
1232 3993 1316 4069 arisi·

207 4071 277 4132 atmt',
325 4079 363 4142 y)
381 4073 448 4125 Met.
470 4066 641 4124 adhibendis.
703 4071 736 4134 z)
756 4068 864 4120 Herold.
884 4071 1011 4121 insuam
1034 4071 1229 4122 necessitatem.
1284 4063 1316 4134 a)

206 4148 276 4204 Mer„
292 4154 320 4199 et
339 4141 415 4197 sind.
434 4154 483 4194 ant
491 4140 609 4211 salsam.
663 4135 690 4206 b)
708 4140 774 4190 Met.
794 4152 923 4210 quatuor.
977 4137 1004 4208 c)
1022 4138 1148 4192 Corbion.
1167 4155 1264 4208 unusq.
1280 4133 1314 4188 dc

209 4221 275 4270 ditus
290 4231 348 4269 tres
360 4215 434 4265 testis
448 4225 490 4264 ter
526 4211 607 4261 nr'nos
621 4207 760 4260 solennis.
806 4206 835 4278 d)
852 4207 962 4262 Herold.
997 4211 1120 4262 raestr'to.
1165 4206 1192 4276 e)
1209 4207 1316 4260 Desunt

210 4289 239 4340 in
266 4284 394 4341 Corbion.
438 4282 479 4355 s)
497 4229 623 4340 derbiae
639 4291 821 4347 praestatem.
869 4277 906 4351 ὅ.)
922 4229 1004 4331 GosI.
1024 4278 1112 4334 decies
1133 4279 1162 4331 L.
1181 4277 1244 4346 sol,⁴
