<?xml version="1.0" encoding="UTF-8"?>
<!DOCTYPE html PUBLIC "-//W3C//DTD XHTML 1.0 Transitional//EN"
    "http://www.w3.org/TR/xhtml1/DTD/xhtml1-transitional.dtd">
<html xmlns="http://www.w3.org/1999/xhtml" xml:lang="en" lang="en">
 <head>
  <title>
</title>
<meta http-equiv="Content-Type" content="text/html;charset=utf-8" />
  <meta name='ocr-system' content='tesseract 3.04.00' />
  <meta name='ocr-capabilities' content='ocr_page ocr_carea ocr_par ocr_line ocrx_word'/>
</head>
<body>
  <div class='ocr_page' id='page_1' title='image "./corpusiurisgerm02visigoog/corpusiurisgerm02visigoog_0429.png"; bbox 0 0 2900 5020; ppageno 0'>
   <div class='ocr_carea' id='block_1_1' title="bbox 167 253 974 357">
    <p class='ocr_par' dir='ltr' id='par_1_1' title="bbox 167 253 974 357">
     <span class='ocr_line' id='line_1_1' title="bbox 167 253 974 357; baseline -0.002 -29"><span class='ocrx_word' id='word_1_1' title='bbox 167 253 243 329; x_wconf 80' lang='lat' dir='ltr'><strong>tto</strong></span> <span class='ocrx_word' id='word_1_2' title='bbox 447 270 612 357; x_wconf 81' lang='lat' dir='ltr'><strong>aorcrura</strong></span> <span class='ocrx_word' id='word_1_3' title='bbox 628 269 974 329; x_wconf 80' lang='lat' dir='ltr'><strong>maonaarcrasois</strong></span> 
     </span>
    </p>
   </div>
   <div class='ocr_carea' id='block_1_2' title="bbox 109 410 1286 4300">
    <p class='ocr_par' dir='ltr' id='par_1_2' title="bbox 165 410 1283 576">
     <span class='ocr_line' id='line_1_2' title="bbox 165 410 1283 500; baseline 0.004 -25"><span class='ocrx_word' id='word_1_4' title='bbox 165 413 217 476; x_wconf 91' lang='lat' dir='ltr'><strong>cio</strong></span> <span class='ocrx_word' id='word_1_5' title='bbox 235 410 392 488; x_wconf 77' lang='lat' dir='ltr'><strong>voluerit,</strong></span> <span class='ocrx_word' id='word_1_6' title='bbox 416 410 474 471; x_wconf 90' lang='lat' dir='ltr'><strong>illa</strong></span> <span class='ocrx_word' id='word_1_7' title='bbox 495 411 604 482; x_wconf 82' lang='lat' dir='ltr'><strong>etiam,</strong></span> <span class='ocrx_word' id='word_1_8' title='bbox 632 433 715 493; x_wconf 89' lang='lat' dir='ltr'><strong>quae</strong></span> <span class='ocrx_word' id='word_1_9' title='bbox 736 414 777 476; x_wconf 90' lang='lat' dir='ltr'><strong>ad</strong></span> <span class='ocrx_word' id='word_1_10' title='bbox 804 435 878 475; x_wconf 88' lang='lat' dir='ltr'><strong>eum</strong></span> <span class='ocrx_word' id='word_1_11' title='bbox 900 437 940 477; x_wconf 85' lang='lat' dir='ltr'><strong>ex</strong></span> <span class='ocrx_word' id='word_1_12' title='bbox 963 414 1033 498; x_wconf 87' lang='lat' dir='ltr'><strong>ipso</strong></span> <span class='ocrx_word' id='word_1_13' title='bbox 1049 415 1137 477; x_wconf 87' lang='lat' dir='ltr'><strong>furto</strong></span> <span class='ocrx_word' id='word_1_14' title='bbox 1160 437 1283 500; x_wconf 81' lang='lat' dir='ltr'><strong>perve-</strong></span> 
     </span>
     <span class='ocr_line' id='line_1_3' title="bbox 171 495 979 576; baseline 0.005 -19"><span class='ocrx_word' id='word_1_15' title='bbox 171 497 258 558; x_wconf 88' lang='lat' dir='ltr'><strong>nisse</strong></span> <span class='ocrx_word' id='word_1_16' title='bbox 281 495 477 572; x_wconf 88' lang='lat' dir='ltr'><strong>constiterit,</strong></span> <span class='ocrx_word' id='word_1_17' title='bbox 499 495 621 576; x_wconf 90' lang='lat' dir='ltr'><strong>pariter</strong></span> <span class='ocrx_word' id='word_1_18' title='bbox 644 496 774 559; x_wconf 83' lang='lat' dir='ltr'>debebit</span> <span class='ocrx_word' id='word_1_19' title='bbox 802 499 979 562; x_wconf 84' lang='lat' dir='ltr'><strong>exsolvere.</strong></span> 
     </span>
    </p>

    <p class='ocr_par' dir='ltr' id='par_1_3' title="bbox 164 577 1281 1076">
     <span class='ocr_line' id='line_1_4' title="bbox 249 577 1279 663; baseline 0.007 -26"><span class='ocrx_word' id='word_1_20' title='bbox 249 577 367 638; x_wconf 82' lang='lat' dir='ltr'><strong>CXlX.</strong></span> <span class='ocrx_word' id='word_1_21' title='bbox 410 578 443 638; x_wconf 88' lang='lat' dir='ltr'><strong>Si</strong></span> <span class='ocrx_word' id='word_1_22' title='bbox 473 579 552 658; x_wconf 90' lang='lat' dir='ltr'><strong>quid</strong></span> <span class='ocrx_word' id='word_1_23' title='bbox 584 578 623 638; x_wconf 88' lang='lat' dir='ltr'><strong>de</strong></span> <span class='ocrx_word' id='word_1_24' title='bbox 649 579 780 640; x_wconf 80' lang='lat' dir='ltr'><strong>taberna</strong></span> <span class='ocrx_word' id='word_1_25' title='bbox 812 581 863 642; x_wconf 79' lang='lat' dir='ltr'><strong>vel</strong></span> <span class='ocrx_word' id='word_1_26' title='bbox 888 582 1015 643; x_wconf 86' lang='lat' dir='ltr'><strong>stabulo</strong></span> <span class='ocrx_word' id='word_1_27' title='bbox 1041 580 1200 663; x_wconf 86' lang='lat' dir='ltr'><strong>perierit,</strong></span> <span class='ocrx_word' id='word_1_28' title='bbox 1238 584 1279 644; x_wconf 90' lang='lat' dir='ltr'><strong>ab</strong></span> 
     </span>
     <span class='ocr_line' id='line_1_5' title="bbox 165 656 1279 747; baseline 0.001 -23"><span class='ocrx_word' id='word_1_29' title='bbox 165 661 217 724; x_wconf 88' lang='lat' dir='ltr'><strong>his</strong></span> <span class='ocrx_word' id='word_1_30' title='bbox 243 662 300 742; x_wconf 91' lang='lat' dir='ltr'><strong>qui</strong></span> <span class='ocrx_word' id='word_1_31' title='bbox 328 660 408 721; x_wconf 88' lang='lat' dir='ltr'><strong>locis</strong></span> <span class='ocrx_word' id='word_1_32' title='bbox 433 660 549 722; x_wconf 88' lang='lat' dir='ltr'><strong>talibus</strong></span> <span class='ocrx_word' id='word_1_33' title='bbox 576 656 739 740; x_wconf 82' lang='lat' dir='ltr'><strong>praesunt,</strong></span> <span class='ocrx_word' id='word_1_34' title='bbox 762 662 815 724; x_wconf 83' lang='lat' dir='ltr'><strong>vel</strong></span> <span class='ocrx_word' id='word_1_35' title='bbox 838 664 896 746; x_wconf 93' lang='lat' dir='ltr'><strong>qui</strong></span> <span class='ocrx_word' id='word_1_36' title='bbox 925 665 958 724; x_wconf 95' lang='lat' dir='ltr'><strong>in</strong></span> <span class='ocrx_word' id='word_1_37' title='bbox 982 665 1032 725; x_wconf 91' lang='lat' dir='ltr'><strong>bis</strong></span> <span class='ocrx_word' id='word_1_38' title='bbox 1059 667 1279 747; x_wconf 78' lang='lat' dir='ltr'><strong>negotiantur,</strong></span> 
     </span>
     <span class='ocr_line' id='line_1_6' title="bbox 164 744 1281 827; baseline 0 -19"><span class='ocrx_word' id='word_1_39' title='bbox 164 744 378 827; x_wconf 88' lang='lat' dir='ltr'><strong>repetendum</strong></span> <span class='ocrx_word' id='word_1_40' title='bbox 400 751 462 824; x_wconf 80' lang='lat' dir='ltr'><strong>est,</strong></span> <span class='ocrx_word' id='word_1_41' title='bbox 486 744 586 802; x_wconf 86' lang='lat' dir='ltr'><strong>itaut</strong></span> <span class='ocrx_word' id='word_1_42' title='bbox 612 755 773 823; x_wconf 81' lang='lat' dir='ltr'><strong>praestent</strong></span> <span class='ocrx_word' id='word_1_43' title='bbox 797 756 995 807; x_wconf 88' lang='lat' dir='ltr'><strong>sacramenta</strong></span> <span class='ocrx_word' id='word_1_44' title='bbox 1018 748 1057 807; x_wconf 92' lang='lat' dir='ltr'><strong>de</strong></span> <span class='ocrx_word' id='word_1_45' title='bbox 1077 749 1281 809; x_wconf 81' lang='lat' dir='ltr'><strong>conscientia</strong></span> 
     </span>
     <span class='ocr_line' id='line_1_7' title="bbox 166 824 1280 912; baseline 0 -22"><span class='ocrx_word' id='word_1_46' title='bbox 166 849 221 890; x_wconf 90' lang='lat' dir='ltr'><strong>sua</strong></span> <span class='ocrx_word' id='word_1_47' title='bbox 247 843 463 907; x_wconf 82' lang='lat' dir='ltr'><strong>suorumque:</strong></span> <span class='ocrx_word' id='word_1_48' title='bbox 485 834 517 886; x_wconf 94' lang='lat' dir='ltr'><strong>et</strong></span> <span class='ocrx_word' id='word_1_49' title='bbox 539 827 565 887; x_wconf 92' lang='lat' dir='ltr'><strong>si</strong></span> <span class='ocrx_word' id='word_1_50' title='bbox 592 824 653 886; x_wconf 93' lang='lat' dir='ltr'><strong>hoc</strong></span> <span class='ocrx_word' id='word_1_51' title='bbox 684 829 844 907; x_wconf 87' lang='lat' dir='ltr'><strong>fecerint,</strong></span> <span class='ocrx_word' id='word_1_52' title='bbox 876 831 957 889; x_wconf 86' lang='lat' dir='ltr'><strong>nihil</strong></span> <span class='ocrx_word' id='word_1_53' title='bbox 986 841 1144 912; x_wconf 90' lang='lat' dir='ltr'><strong>cogantur</strong></span> <span class='ocrx_word' id='word_1_54' title='bbox 1171 831 1280 893; x_wconf 84' lang='lat' dir='ltr'><strong>exsol-</strong></span> 
     </span>
     <span class='ocr_line' id='line_1_8' title="bbox 165 912 1278 993; baseline 0.005 -25"><span class='ocrx_word' id='word_1_55' title='bbox 165 931 266 986; x_wconf 80' lang='lat' dir='ltr'><strong>vere,</strong></span> <span class='ocrx_word' id='word_1_56' title='bbox 297 918 353 969; x_wconf 90' lang='lat' dir='ltr'><strong>aut</strong></span> <span class='ocrx_word' id='word_1_57' title='bbox 376 917 463 969; x_wconf 90' lang='lat' dir='ltr'><strong>certe</strong></span> <span class='ocrx_word' id='word_1_58' title='bbox 487 917 645 988; x_wconf 89' lang='lat' dir='ltr'><strong>quantum</strong></span> <span class='ocrx_word' id='word_1_59' title='bbox 672 912 794 993; x_wconf 79' lang='lat' dir='ltr'><strong>petitor</strong></span> <span class='ocrx_word' id='word_1_60' title='bbox 819 912 976 975; x_wconf 84' lang='lat' dir='ltr'><strong>iuraverit</strong></span> <span class='ocrx_word' id='word_1_61' title='bbox 1002 935 1036 974; x_wconf 89' lang='lat' dir='ltr'><strong>se</strong></span> <span class='ocrx_word' id='word_1_62' title='bbox 1065 913 1099 973; x_wconf 91' lang='lat' dir='ltr'><strong>in</strong></span> <span class='ocrx_word' id='word_1_63' title='bbox 1132 935 1170 975; x_wconf 93' lang='lat' dir='ltr'><strong>eo</strong></span> <span class='ocrx_word' id='word_1_64' title='bbox 1201 916 1278 976; x_wconf 88' lang='lat' dir='ltr'><strong>loco</strong></span> 
     </span>
     <span class='ocr_line' id='line_1_9' title="bbox 164 992 569 1076; baseline -0.005 -20"><span class='ocrx_word' id='word_1_65' title='bbox 164 993 362 1076; x_wconf 85' lang='lat' dir='ltr'><strong>perdidisse,</strong></span> <span class='ocrx_word' id='word_1_66' title='bbox 389 992 569 1055; x_wconf 87' lang='lat' dir='ltr'><strong>restituant.</strong></span> 
     </span>
    </p>

    <p class='ocr_par' dir='ltr' id='par_1_4' title="bbox 164 1075 1281 1567">
     <span class='ocr_line' id='line_1_10' title="bbox 249 1075 1280 1151; baseline 0.001 -15"><span class='ocrx_word' id='word_1_67' title='bbox 249 1076 347 1140; x_wconf 83' lang='lat' dir='ltr'><strong>CXX.</strong></span> <span class='ocrx_word' id='word_1_68' title='bbox 389 1076 423 1134; x_wconf 89' lang='lat' dir='ltr'><strong>Si</strong></span> <span class='ocrx_word' id='word_1_69' title='bbox 443 1096 553 1136; x_wconf 83' lang='lat' dir='ltr'><strong>servus</strong></span> <span class='ocrx_word' id='word_1_70' title='bbox 572 1075 694 1134; x_wconf 83' lang='lat' dir='ltr'><strong>lurtum</strong></span> <span class='ocrx_word' id='word_1_71' title='bbox 716 1075 850 1151; x_wconf 83' lang='lat' dir='ltr'><strong>fecerit,</strong></span> <span class='ocrx_word' id='word_1_72' title='bbox 873 1085 906 1138; x_wconf 90' lang='lat' dir='ltr'><strong>et</strong></span> <span class='ocrx_word' id='word_1_73' title='bbox 933 1076 1145 1138; x_wconf 79' lang='lat' dir='ltr'><strong>manumissus</strong></span> <span class='ocrx_word' id='word_1_74' title='bbox 1171 1099 1189 1136; x_wconf 92' lang='lat' dir='ltr'><strong>a</strong></span> <span class='ocrx_word' id='word_1_75' title='bbox 1216 1077 1280 1137; x_wconf 90' lang='lat' dir='ltr'><strong>do·</strong></span> 
     </span>
     <span class='ocr_line' id='line_1_11' title="bbox 164 1157 1278 1238; baseline 0.003 -20"><span class='ocrx_word' id='word_1_76' title='bbox 164 1158 255 1220; x_wconf 87' lang='lat' dir='ltr'><strong>mino</strong></span> <span class='ocrx_word' id='word_1_77' title='bbox 276 1158 392 1233; x_wconf 86' lang='lat' dir='ltr'><strong>fuerit,</strong></span> <span class='ocrx_word' id='word_1_78' title='bbox 415 1157 468 1218; x_wconf 80' lang='lat' dir='ltr'><strong>vel</strong></span> <span class='ocrx_word' id='word_1_79' title='bbox 493 1158 640 1218; x_wconf 84' lang='lat' dir='ltr'><strong>venditus</strong></span> <span class='ocrx_word' id='word_1_80' title='bbox 663 1157 775 1235; x_wconf 87' lang='lat' dir='ltr'><strong>alteri,</strong></span> <span class='ocrx_word' id='word_1_81' title='bbox 803 1160 856 1220; x_wconf 82' lang='lat' dir='ltr'><strong>vel</strong></span> <span class='ocrx_word' id='word_1_82' title='bbox 881 1159 1038 1238; x_wconf 81' lang='lat' dir='ltr'><strong>donatus,</strong></span> <span class='ocrx_word' id='word_1_83' title='bbox 1067 1182 1209 1222; x_wconf 86' lang='lat' dir='ltr'><strong>caussam</strong></span> <span class='ocrx_word' id='word_1_84' title='bbox 1230 1157 1278 1221; x_wconf 35' lang='lat' dir='ltr'><strong>*de</strong></span> 
     </span>
     <span class='ocr_line' id='line_1_12' title="bbox 165 1240 1277 1324; baseline 0.001 -23"><span class='ocrx_word' id='word_1_85' title='bbox 165 1243 254 1302; x_wconf 83' lang='lat' dir='ltr'><strong>furto</strong></span> <span class='ocrx_word' id='word_1_86' title='bbox 285 1253 352 1301; x_wconf 87' lang='lat' dir='ltr'><strong>tum</strong></span> <span class='ocrx_word' id='word_1_87' title='bbox 379 1240 446 1320; x_wconf 88' lang='lat' dir='ltr'><strong>ipse</strong></span> <span class='ocrx_word' id='word_1_88' title='bbox 474 1241 685 1300; x_wconf 83' lang='lat' dir='ltr'><strong>manumissus</strong></span> <span class='ocrx_word' id='word_1_89' title='bbox 709 1241 811 1317; x_wconf 89' lang='lat' dir='ltr'><strong>dicat,</strong></span> <span class='ocrx_word' id='word_1_90' title='bbox 839 1242 890 1303; x_wconf 84' lang='lat' dir='ltr'><strong>vel</strong></span> <span class='ocrx_word' id='word_1_91' title='bbox 913 1242 970 1302; x_wconf 90' lang='lat' dir='ltr'><strong>illo</strong></span> <span class='ocrx_word' id='word_1_92' title='bbox 995 1245 1054 1324; x_wconf 92' lang='lat' dir='ltr'><strong>qui</strong></span> <span class='ocrx_word' id='word_1_93' title='bbox 1079 1263 1153 1304; x_wconf 91' lang='lat' dir='ltr'><strong>eum</strong></span> <span class='ocrx_word' id='word_1_94' title='bbox 1179 1243 1277 1319; x_wconf 89' lang='lat' dir='ltr'><strong>emit,</strong></span> 
     </span>
     <span class='ocr_line' id='line_1_13' title="bbox 166 1323 1281 1408; baseline 0.003 -26"><span class='ocrx_word' id='word_1_95' title='bbox 166 1334 222 1384; x_wconf 91' lang='lat' dir='ltr'><strong>aut</strong></span> <span class='ocrx_word' id='word_1_96' title='bbox 251 1323 304 1384; x_wconf 86' lang='lat' dir='ltr'><strong>cui</strong></span> <span class='ocrx_word' id='word_1_97' title='bbox 333 1324 468 1383; x_wconf 89' lang='lat' dir='ltr'><strong>donatus</strong></span> <span class='ocrx_word' id='word_1_98' title='bbox 495 1332 552 1384; x_wconf 87' lang='lat' dir='ltr'><strong>est.</strong></span> <span class='ocrx_word' id='word_1_99' title='bbox 607 1324 698 1382; x_wconf 87' lang='lat' dir='ltr'><strong>Noxa</strong></span> <span class='ocrx_word' id='word_1_100' title='bbox 727 1325 814 1383; x_wconf 87' lang='lat' dir='ltr'><strong>euim</strong></span> <span class='ocrx_word' id='word_1_101' title='bbox 842 1345 969 1404; x_wconf 87' lang='lat' dir='ltr'><strong>semper</strong></span> <span class='ocrx_word' id='word_1_102' title='bbox 998 1335 1094 1408; x_wconf 87' lang='lat' dir='ltr'><strong>caput</strong></span> <span class='ocrx_word' id='word_1_103' title='bbox 1122 1325 1281 1407; x_wconf 90' lang='lat' dir='ltr'><strong>sequitur.</strong></span> 
     </span>
     <span class='ocr_line' id='line_1_14' title="bbox 164 1405 1281 1490; baseline 0.001 -23"><span class='ocrx_word' id='word_1_104' title='bbox 164 1406 206 1468; x_wconf 86' lang='lat' dir='ltr'><strong>Et</strong></span> <span class='ocrx_word' id='word_1_105' title='bbox 229 1427 293 1466; x_wconf 94' lang='lat' dir='ltr'><strong>non</strong></span> <span class='ocrx_word' id='word_1_106' title='bbox 306 1407 411 1466; x_wconf 86' lang='lat' dir='ltr'><strong>solum</strong></span> <span class='ocrx_word' id='word_1_107' title='bbox 428 1405 523 1487; x_wconf 89' lang='lat' dir='ltr'><strong>isqui</strong></span> <span class='ocrx_word' id='word_1_108' title='bbox 541 1406 763 1484; x_wconf 84' lang='lat' dir='ltr'><strong>furtamlecit,</strong></span> <span class='ocrx_word' id='word_1_109' title='bbox 777 1407 833 1467; x_wconf 91' lang='lat' dir='ltr'><strong>sed</strong></span> <span class='ocrx_word' id='word_1_110' title='bbox 851 1407 947 1466; x_wconf 88' lang='lat' dir='ltr'><strong>etiam</strong></span> <span class='ocrx_word' id='word_1_111' title='bbox 964 1409 990 1470; x_wconf 91' lang='lat' dir='ltr'><strong>is</strong></span> <span class='ocrx_word' id='word_1_112' title='bbox 1004 1410 1097 1469; x_wconf 90' lang='lat' dir='ltr'><strong>cuius</strong></span> <span class='ocrx_word' id='word_1_113' title='bbox 1112 1429 1209 1490; x_wconf 89' lang='lat' dir='ltr'><strong>opera</strong></span> <span class='ocrx_word' id='word_1_114' title='bbox 1225 1407 1281 1470; x_wconf 81' lang='lat' dir='ltr'><strong>vel</strong></span> 
     </span>
     <span class='ocr_line' id='line_1_15' title="bbox 167 1489 1182 1567; baseline 0.005 -18"><span class='ocrx_word' id='word_1_115' title='bbox 167 1490 305 1550; x_wconf 89' lang='lat' dir='ltr'><strong>consilio</strong></span> <span class='ocrx_word' id='word_1_116' title='bbox 329 1490 450 1549; x_wconf 86' lang='lat' dir='ltr'><strong>furtum</strong></span> <span class='ocrx_word' id='word_1_117' title='bbox 473 1491 593 1549; x_wconf 86' lang='lat' dir='ltr'><strong>factum</strong></span> <span class='ocrx_word' id='word_1_118' title='bbox 615 1489 731 1567; x_wconf 83' lang='lat' dir='ltr'><strong>luerit,</strong></span> <span class='ocrx_word' id='word_1_119' title='bbox 753 1490 834 1550; x_wconf 86' lang='lat' dir='ltr'><strong>furti</strong></span> <span class='ocrx_word' id='word_1_120' title='bbox 854 1491 981 1552; x_wconf 86' lang='lat' dir='ltr'><strong>actione</strong></span> <span class='ocrx_word' id='word_1_121' title='bbox 1009 1492 1182 1555; x_wconf 79' lang='lat' dir='ltr'><strong>tenebitur.</strong></span> 
     </span>
    </p>

    <p class='ocr_par' dir='ltr' id='par_1_5' title="bbox 164 1571 1281 2068">
     <span class='ocr_line' id='line_1_16' title="bbox 248 1571 1279 1654; baseline 0 -21"><span class='ocrx_word' id='word_1_122' title='bbox 248 1571 369 1636; x_wconf 85' lang='lat' dir='ltr'>CXXI.</span> <span class='ocrx_word' id='word_1_123' title='bbox 413 1571 447 1631; x_wconf 89' lang='lat' dir='ltr'><strong>Si</strong></span> <span class='ocrx_word' id='word_1_124' title='bbox 477 1571 695 1654; x_wconf 83' lang='lat' dir='ltr'><strong>procuratori,</strong></span> <span class='ocrx_word' id='word_1_125' title='bbox 723 1573 789 1633; x_wconf 81' lang='lat' dir='ltr'><strong>vel</strong></span> <span class='ocrx_word' id='word_1_126' title='bbox 807 1573 1022 1653; x_wconf 86' lang='lat' dir='ltr'><strong>conductori,</strong></span> <span class='ocrx_word' id='word_1_127' title='bbox 1051 1574 1118 1635; x_wconf 87' lang='lat' dir='ltr'><strong>sive</strong></span> <span class='ocrx_word' id='word_1_128' title='bbox 1141 1572 1279 1650; x_wconf 90' lang='lat' dir='ltr'><strong>colono,</strong></span> 
     </span>
     <span class='ocr_line' id='line_1_17' title="bbox 165 1653 1281 1733; baseline -0.002 -18"><span class='ocrx_word' id='word_1_129' title='bbox 165 1653 219 1715; x_wconf 82' lang='lat' dir='ltr'><strong>vel</strong></span> <span class='ocrx_word' id='word_1_130' title='bbox 246 1675 340 1715; x_wconf 82' lang='lat' dir='ltr'><strong>servo</strong></span> <span class='ocrx_word' id='word_1_131' title='bbox 362 1654 518 1732; x_wconf 88' lang='lat' dir='ltr'><strong>alicuius,</strong></span> <span class='ocrx_word' id='word_1_132' title='bbox 548 1656 654 1716; x_wconf 80' lang='lat' dir='ltr'><strong>invito</strong></span> <span class='ocrx_word' id='word_1_133' title='bbox 680 1653 732 1718; x_wconf 85' lang='lat' dir='ltr'><strong>vel</strong></span> <span class='ocrx_word' id='word_1_134' title='bbox 765 1655 930 1716; x_wconf 85' lang='lat' dir='ltr'><strong>nesciente</strong></span> <span class='ocrx_word' id='word_1_135' title='bbox 959 1657 1112 1733; x_wconf 88' lang='lat' dir='ltr'><strong>domino,</strong></span> <span class='ocrx_word' id='word_1_136' title='bbox 1133 1665 1281 1715; x_wconf 81' lang='lat' dir='ltr'><strong>rirutuam</strong></span> 
     </span>
     <span class='ocr_line' id='line_1_18' title="bbox 164 1736 1279 1819; baseline -0.001 -23"><span class='ocrx_word' id='word_1_137' title='bbox 164 1736 337 1818; x_wconf 89' lang='lat' dir='ltr'><strong>pecuniam</strong></span> <span class='ocrx_word' id='word_1_138' title='bbox 362 1738 435 1818; x_wconf 88' lang='lat' dir='ltr'><strong>quis</strong></span> <span class='ocrx_word' id='word_1_139' title='bbox 457 1738 601 1814; x_wconf 86' lang='lat' dir='ltr'><strong>dederit,</strong></span> <span class='ocrx_word' id='word_1_140' title='bbox 631 1759 690 1798; x_wconf 90' lang='lat' dir='ltr'><strong>nec</strong></span> <span class='ocrx_word' id='word_1_141' title='bbox 713 1738 774 1819; x_wconf 91' lang='lat' dir='ltr'><strong>ipsi</strong></span> <span class='ocrx_word' id='word_1_142' title='bbox 805 1737 948 1817; x_wconf 89' lang='lat' dir='ltr'><strong>domino,</strong></span> <span class='ocrx_word' id='word_1_143' title='bbox 972 1761 1033 1800; x_wconf 92' lang='lat' dir='ltr'><strong>uec</strong></span> <span class='ocrx_word' id='word_1_144' title='bbox 1054 1739 1102 1800; x_wconf 89' lang='lat' dir='ltr'><strong>rei</strong></span> <span class='ocrx_word' id='word_1_145' title='bbox 1125 1739 1194 1800; x_wconf 89' lang='lat' dir='ltr'><strong>eius</strong></span> <span class='ocrx_word' id='word_1_146' title='bbox 1216 1738 1279 1797; x_wconf 90' lang='lat' dir='ltr'><strong>ali-</strong></span> 
     </span>
     <span class='ocr_line' id='line_1_19' title="bbox 165 1819 1279 1904; baseline 0.002 -27"><span class='ocrx_word' id='word_1_147' title='bbox 165 1820 254 1898; x_wconf 87' lang='lat' dir='ltr'><strong>quod</strong></span> <span class='ocrx_word' id='word_1_148' title='bbox 284 1820 518 1901; x_wconf 88' lang='lat' dir='ltr'><strong>praeiudicium</strong></span> <span class='ocrx_word' id='word_1_149' title='bbox 545 1831 773 1904; x_wconf 81' lang='lat' dir='ltr'><strong>comparetur:</strong></span> <span class='ocrx_word' id='word_1_150' title='bbox 804 1821 862 1882; x_wconf 89' lang='lat' dir='ltr'><strong>sed</strong></span> <span class='ocrx_word' id='word_1_151' title='bbox 890 1841 930 1880; x_wconf 86' lang='lat' dir='ltr'><strong>ex</strong></span> <span class='ocrx_word' id='word_1_152' title='bbox 956 1821 1086 1903; x_wconf 89' lang='lat' dir='ltr'><strong>peculio</strong></span> <span class='ocrx_word' id='word_1_153' title='bbox 1114 1820 1199 1882; x_wconf 85' lang='lat' dir='ltr'><strong>servi</strong></span> <span class='ocrx_word' id='word_1_154' title='bbox 1224 1819 1279 1880; x_wconf 84' lang='lat' dir='ltr'><strong>vel</strong></span> 
     </span>
     <span class='ocr_line' id='line_1_20' title="bbox 165 1902 1278 1986; baseline 0.001 -26"><span class='ocrx_word' id='word_1_155' title='bbox 165 1902 299 1978; x_wconf 88' lang='lat' dir='ltr'><strong>coloni,</strong></span> <span class='ocrx_word' id='word_1_156' title='bbox 329 1903 530 1963; x_wconf 89' lang='lat' dir='ltr'><strong>considerata</strong></span> <span class='ocrx_word' id='word_1_157' title='bbox 554 1905 607 1964; x_wconf 85' lang='lat' dir='ltr'><strong>vel</strong></span> <span class='ocrx_word' id='word_1_158' title='bbox 635 1912 758 1965; x_wconf 85' lang='lat' dir='ltr'><strong>servata</strong></span> <span class='ocrx_word' id='word_1_159' title='bbox 780 1903 870 1986; x_wconf 90' lang='lat' dir='ltr'><strong>prius</strong></span> <span class='ocrx_word' id='word_1_160' title='bbox 896 1902 1106 1966; x_wconf 87' lang='lat' dir='ltr'><strong>indemnitate</strong></span> <span class='ocrx_word' id='word_1_161' title='bbox 1128 1903 1278 1980; x_wconf 91' lang='lat' dir='ltr'><strong>domiui,</strong></span> 
     </span>
     <span class='ocr_line' id='line_1_21' title="bbox 165 1985 1206 2068; baseline 0.003 -23"><span class='ocrx_word' id='word_1_162' title='bbox 165 1985 355 2046; x_wconf 87' lang='lat' dir='ltr'><strong>consulatur</strong></span> <span class='ocrx_word' id='word_1_163' title='bbox 378 1985 587 2068; x_wconf 87' lang='lat' dir='ltr'><strong>petitionibus</strong></span> <span class='ocrx_word' id='word_1_164' title='bbox 604 1985 784 2066; x_wconf 84' lang='lat' dir='ltr'><strong>creditoris.</strong></span> <span class='ocrx_word' id='word_1_165' title='bbox 1204 2009 1206 2017; x_wconf 66' lang='lat'><strong><em>¹</em></strong></span> 
     </span>
    </p>

    <p class='ocr_par' dir='ltr' id='par_1_6' title="bbox 165 2066 1280 2315">
     <span class='ocr_line' id='line_1_22' title="bbox 251 2066 1279 2150; baseline -0.003 -22"><span class='ocrx_word' id='word_1_166' title='bbox 251 2067 377 2129; x_wconf 88' lang='lat' dir='ltr'><strong>CXXll.</strong></span> <span class='ocrx_word' id='word_1_167' title='bbox 419 2069 573 2128; x_wconf 85' lang='lat' dir='ltr'><strong>Amittaut</strong></span> <span class='ocrx_word' id='word_1_168' title='bbox 600 2069 827 2150; x_wconf 87' lang='lat' dir='ltr'><strong>repetitionem</strong></span> <span class='ocrx_word' id='word_1_169' title='bbox 854 2069 954 2130; x_wconf 87' lang='lat' dir='ltr'><strong>debiti</strong></span> <span class='ocrx_word' id='word_1_170' title='bbox 985 2067 1188 2144; x_wconf 77' lang='lat' dir='ltr'><strong>creditores,</strong></span> <span class='ocrx_word' id='word_1_171' title='bbox 1219 2066 1279 2148; x_wconf 88' lang='lat' dir='ltr'><strong>qui</strong></span> 
     </span>
     <span class='ocr_line' id='line_1_23' title="bbox 165 2150 1280 2233; baseline -0.004 -20"><span class='ocrx_word' id='word_1_172' title='bbox 165 2151 333 2213; x_wconf 89' lang='lat' dir='ltr'><strong>cautiones</strong></span> <span class='ocrx_word' id='word_1_173' title='bbox 358 2150 541 2211; x_wconf 90' lang='lat' dir='ltr'><strong>debitorum</strong></span> <span class='ocrx_word' id='word_1_174' title='bbox 567 2173 698 2212; x_wconf 90' lang='lat' dir='ltr'><strong>suorum</strong></span> <span class='ocrx_word' id='word_1_175' title='bbox 719 2153 905 2233; x_wconf 90' lang='lat' dir='ltr'><strong>potentibus</strong></span> <span class='ocrx_word' id='word_1_176' title='bbox 931 2150 1148 2227; x_wconf 86' lang='lat' dir='ltr'><strong>tradiderint,</strong></span> <span class='ocrx_word' id='word_1_177' title='bbox 1172 2159 1204 2210; x_wconf 91' lang='lat' dir='ltr'><strong>et</strong></span> <span class='ocrx_word' id='word_1_178' title='bbox 1221 2170 1280 2231; x_wconf 89' lang='lat' dir='ltr'><strong>per</strong></span> 
     </span>
     <span class='ocr_line' id='line_1_24' title="bbox 166 2233 1279 2315; baseline 0 -22"><span class='ocrx_word' id='word_1_179' title='bbox 166 2253 221 2294; x_wconf 89' lang='lat' dir='ltr'><strong>eos</strong></span> <span class='ocrx_word' id='word_1_180' title='bbox 241 2235 339 2310; x_wconf 84' lang='lat' dir='ltr'><strong>magis</strong></span> <span class='ocrx_word' id='word_1_181' title='bbox 362 2234 562 2294; x_wconf 80' lang='lat' dir='ltr'><strong>exactionem</strong></span> <span class='ocrx_word' id='word_1_182' title='bbox 582 2245 712 2295; x_wconf 90' lang='lat' dir='ltr'><strong>mutuae</strong></span> <span class='ocrx_word' id='word_1_183' title='bbox 732 2236 889 2315; x_wconf 83' lang='lat' dir='ltr'><strong>pecuniae</strong></span> <span class='ocrx_word' id='word_1_184' title='bbox 910 2233 1075 2296; x_wconf 82' lang='lat' dir='ltr'><strong>voluerint</strong></span> <span class='ocrx_word' id='word_1_185' title='bbox 1094 2253 1279 2315; x_wconf 89' lang='lat' dir='ltr'><strong>procurare.</strong></span> 
     </span>
    </p>

    <p class='ocr_par' dir='ltr' id='par_1_7' title="bbox 165 2313 1280 2564">
     <span class='ocr_line' id='line_1_25' title="bbox 250 2313 1280 2399; baseline -0.005 -23"><span class='ocrx_word' id='word_1_186' title='bbox 250 2316 398 2376; x_wconf 85' lang='lat' dir='ltr'><strong>CXXlIl.</strong></span> <span class='ocrx_word' id='word_1_187' title='bbox 442 2317 683 2397; x_wconf 88' lang='lat' dir='ltr'><strong>Capiendorum</strong></span> <span class='ocrx_word' id='word_1_188' title='bbox 703 2339 763 2399; x_wconf 92' lang='lat' dir='ltr'><strong>pro</strong></span> <span class='ocrx_word' id='word_1_189' title='bbox 777 2340 836 2378; x_wconf 90' lang='lat' dir='ltr'><strong>suo</strong></span> <span class='ocrx_word' id='word_1_190' title='bbox 858 2318 991 2379; x_wconf 88' lang='lat' dir='ltr'><strong>arbitrio</strong></span> <span class='ocrx_word' id='word_1_191' title='bbox 1016 2317 1190 2397; x_wconf 83' lang='lat' dir='ltr'><strong>pignorum</strong></span> <span class='ocrx_word' id='word_1_192' title='bbox 1207 2313 1280 2374; x_wconf 91' lang='lat' dir='ltr'><strong>uni-</strong></span> 
     </span>
     <span class='ocr_line' id='line_1_26' title="bbox 165 2397 1279 2486; baseline -0.002 -26"><span class='ocrx_word' id='word_1_193' title='bbox 165 2398 284 2479; x_wconf 84' lang='lat' dir='ltr'><strong>cuique</strong></span> <span class='ocrx_word' id='word_1_194' title='bbox 312 2399 475 2459; x_wconf 90' lang='lat' dir='ltr'><strong>licentiam</strong></span> <span class='ocrx_word' id='word_1_195' title='bbox 494 2400 705 2482; x_wconf 83' lang='lat' dir='ltr'><strong>denegamus:</strong></span> <span class='ocrx_word' id='word_1_196' title='bbox 729 2400 834 2478; x_wconf 89' lang='lat' dir='ltr'><strong>itaut,</strong></span> <span class='ocrx_word' id='word_1_197' title='bbox 856 2401 882 2461; x_wconf 90' lang='lat' dir='ltr'><strong>si</strong></span> <span class='ocrx_word' id='word_1_198' title='bbox 903 2400 1068 2486; x_wconf 89' lang='lat' dir='ltr'><strong>probabile</strong></span> <span class='ocrx_word' id='word_1_199' title='bbox 1093 2397 1279 2476; x_wconf 84' lang='lat' dir='ltr'><strong>fuerit,hoo</strong></span> 
     </span>
     <span class='ocr_line' id='line_1_27' title="bbox 166 2481 797 2564; baseline 0.006 -24"><span class='ocrx_word' id='word_1_200' title='bbox 166 2482 283 2564; x_wconf 90' lang='lat' dir='ltr'><strong>agendi</strong></span> <span class='ocrx_word' id='word_1_201' title='bbox 307 2481 424 2542; x_wconf 89' lang='lat' dir='ltr'><strong>iudicis</strong></span> <span class='ocrx_word' id='word_1_202' title='bbox 451 2492 591 2563; x_wconf 88' lang='lat' dir='ltr'><strong>praestet</strong></span> <span class='ocrx_word' id='word_1_203' title='bbox 614 2488 797 2544; x_wconf 90' lang='lat' dir='ltr'><strong>auctoritas.</strong></span> 
     </span>
    </p>

    <p class='ocr_par' dir='ltr' id='par_1_8' title="bbox 164 2562 1279 2978">
     <span class='ocr_line' id='line_1_28' title="bbox 249 2562 1279 2645; baseline -0.001 -20"><span class='ocrx_word' id='word_1_204' title='bbox 249 2563 401 2630; x_wconf 82' lang='lat' dir='ltr'><strong>CXXIV.</strong></span> <span class='ocrx_word' id='word_1_205' title='bbox 446 2565 596 2626; x_wconf 84' lang='lat' dir='ltr'><strong>Creditur</strong></span> <span class='ocrx_word' id='word_1_206' title='bbox 612 2567 639 2626; x_wconf 88' lang='lat' dir='ltr'><strong>si</strong></span> <span class='ocrx_word' id='word_1_207' title='bbox 660 2565 800 2628; x_wconf 89' lang='lat' dir='ltr'><strong>debitori</strong></span> <span class='ocrx_word' id='word_1_208' title='bbox 818 2585 876 2626; x_wconf 87' lang='lat' dir='ltr'><strong>suo</strong></span> <span class='ocrx_word' id='word_1_209' title='bbox 891 2586 943 2626; x_wconf 89' lang='lat' dir='ltr'><strong>res</strong></span> <span class='ocrx_word' id='word_1_210' title='bbox 961 2562 1021 2625; x_wconf 89' lang='lat' dir='ltr'><strong>sibl</strong></span> <span class='ocrx_word' id='word_1_211' title='bbox 1041 2585 1105 2627; x_wconf 93' lang='lat' dir='ltr'><strong>non</strong></span> <span class='ocrx_word' id='word_1_212' title='bbox 1124 2562 1279 2645; x_wconf 85' lang='lat' dir='ltr'><strong>obligatas</strong></span> 
     </span>
     <span class='ocr_line' id='line_1_29' title="bbox 164 2646 1277 2728; baseline -0.001 -21"><span class='ocrx_word' id='word_1_213' title='bbox 164 2646 329 2708; x_wconf 84' lang='lat' dir='ltr'><strong>violenter</strong></span> <span class='ocrx_word' id='word_1_214' title='bbox 352 2648 475 2728; x_wconf 89' lang='lat' dir='ltr'><strong>rapiat,</strong></span> <span class='ocrx_word' id='word_1_215' title='bbox 498 2647 583 2707; x_wconf 91' lang='lat' dir='ltr'><strong>intra</strong></span> <span class='ocrx_word' id='word_1_216' title='bbox 608 2671 729 2708; x_wconf 91' lang='lat' dir='ltr'><strong>aunum</strong></span> <span class='ocrx_word' id='word_1_217' title='bbox 753 2647 897 2708; x_wconf 88' lang='lat' dir='ltr'><strong>criminis</strong></span> <span class='ocrx_word' id='word_1_218' title='bbox 925 2646 1053 2708; x_wconf 89' lang='lat' dir='ltr'><strong>admissi</strong></span> <span class='ocrx_word' id='word_1_219' title='bbox 1084 2656 1277 2723; x_wconf 83' lang='lat' dir='ltr'><strong>conventus,</strong></span> 
     </span>
     <span class='ocr_line' id='line_1_30' title="bbox 164 2730 1278 2812; baseline 0 -22"><span class='ocrx_word' id='word_1_220' title='bbox 164 2730 225 2791; x_wconf 86' lang='lat' dir='ltr'><strong>sub</strong></span> <span class='ocrx_word' id='word_1_221' title='bbox 247 2752 352 2812; x_wconf 91' lang='lat' dir='ltr'><strong>poena</strong></span> <span class='ocrx_word' id='word_1_222' title='bbox 374 2730 544 2810; x_wconf 84' lang='lat' dir='ltr'><strong>quadrupli</strong></span> <span class='ocrx_word' id='word_1_223' title='bbox 565 2741 768 2812; x_wconf 85' lang='lat' dir='ltr'><strong>praesumpta</strong></span> <span class='ocrx_word' id='word_1_224' title='bbox 787 2731 955 2792; x_wconf 88' lang='lat' dir='ltr'><strong>restituat:</strong></span> <span class='ocrx_word' id='word_1_225' title='bbox 989 2737 1060 2810; x_wconf 88' lang='lat' dir='ltr'><strong>post</strong></span> <span class='ocrx_word' id='word_1_226' title='bbox 1084 2750 1204 2788; x_wconf 89' lang='lat' dir='ltr'><strong>annum</strong></span> <span class='ocrx_word' id='word_1_227' title='bbox 1223 2749 1278 2790; x_wconf 83' lang='lat' dir='ltr'><strong>ve·</strong></span> 
     </span>
     <span class='ocr_line' id='line_1_31' title="bbox 164 2811 1279 2894; baseline -0.002 -20"><span class='ocrx_word' id='word_1_228' title='bbox 164 2835 202 2874; x_wconf 91' lang='lat' dir='ltr'><strong>ro</strong></span> <span class='ocrx_word' id='word_1_229' title='bbox 221 2814 253 2873; x_wconf 92' lang='lat' dir='ltr'><strong>in</strong></span> <span class='ocrx_word' id='word_1_230' title='bbox 275 2813 426 2894; x_wconf 88' lang='lat' dir='ltr'><strong>simplum</strong></span> <span class='ocrx_word' id='word_1_231' title='bbox 450 2813 581 2874; x_wconf 89' lang='lat' dir='ltr'><strong>debebit</strong></span> <span class='ocrx_word' id='word_1_232' title='bbox 603 2815 782 2875; x_wconf 78' lang='lat' dir='ltr'><strong>exsolvere.</strong></span> <span class='ocrx_word' id='word_1_233' title='bbox 825 2814 922 2892; x_wconf 89' lang='lat' dir='ltr'><strong>Quod</strong></span> <span class='ocrx_word' id='word_1_234' title='bbox 943 2813 1039 2872; x_wconf 87' lang='lat' dir='ltr'><strong>etiam</strong></span> <span class='ocrx_word' id='word_1_235' title='bbox 1056 2812 1095 2872; x_wconf 90' lang='lat' dir='ltr'><strong>de</strong></span> <span class='ocrx_word' id='word_1_236' title='bbox 1118 2811 1279 2873; x_wconf 87' lang='lat' dir='ltr'><strong>fructibus</strong></span> 
     </span>
     <span class='ocr_line' id='line_1_32' title="bbox 165 2894 1180 2978; baseline -0.004 -19"><span class='ocrx_word' id='word_1_237' title='bbox 165 2896 327 2959; x_wconf 82' lang='lat' dir='ltr'><strong>violenter</strong></span> <span class='ocrx_word' id='word_1_238' title='bbox 349 2896 460 2955; x_wconf 86' lang='lat' dir='ltr'><strong>ablatis</strong></span> <span class='ocrx_word' id='word_1_239' title='bbox 481 2896 602 2956; x_wconf 83' lang='lat' dir='ltr'><strong>servari</strong></span> <span class='ocrx_word' id='word_1_240' title='bbox 627 2897 744 2957; x_wconf 92' lang='lat' dir='ltr'><strong>debere</strong></span> <span class='ocrx_word' id='word_1_241' title='bbox 767 2896 875 2977; x_wconf 90' lang='lat' dir='ltr'><strong>legum</strong></span> <span class='ocrx_word' id='word_1_242' title='bbox 899 2895 980 2955; x_wconf 85' lang='lat' dir='ltr'><strong>ratio</strong></span> <span class='ocrx_word' id='word_1_243' title='bbox 998 2894 1180 2978; x_wconf 87' lang='lat' dir='ltr'><strong>persuadet.</strong></span> 
     </span>
    </p>

    <p class='ocr_par' dir='ltr' id='par_1_9' title="bbox 109 2975 1281 3228">
     <span class='ocr_line' id='line_1_33' title="bbox 143 2975 1281 3059; baseline -0.004 -20"><span class='ocrx_word' id='word_1_244' title='bbox 143 3050 146 3058; x_wconf 60' lang='lat'><strong>.</strong></span> <span class='ocrx_word' id='word_1_245' title='bbox 250 2980 374 3046; x_wconf 82' lang='lat' dir='ltr'><strong>CXXV.</strong></span> <span class='ocrx_word' id='word_1_246' title='bbox 417 2979 449 3038; x_wconf 92' lang='lat' dir='ltr'><strong>Si</strong></span> <span class='ocrx_word' id='word_1_247' title='bbox 472 2977 544 3059; x_wconf 82' lang='lat' dir='ltr'><strong>quis</strong></span> <span class='ocrx_word' id='word_1_248' title='bbox 565 2980 604 3040; x_wconf 88' lang='lat' dir='ltr'><strong>de</strong></span> <span class='ocrx_word' id='word_1_249' title='bbox 623 2979 789 3054; x_wconf 88' lang='lat' dir='ltr'><strong>Ecclesiis,</strong></span> <span class='ocrx_word' id='word_1_250' title='bbox 812 2980 847 3039; x_wconf 92' lang='lat' dir='ltr'><strong>id</strong></span> <span class='ocrx_word' id='word_1_251' title='bbox 866 2988 914 3040; x_wconf 89' lang='lat' dir='ltr'><strong>est</strong></span> <span class='ocrx_word' id='word_1_252' title='bbox 932 2977 1011 3039; x_wconf 89' lang='lat' dir='ltr'><strong>locis</strong></span> <span class='ocrx_word' id='word_1_253' title='bbox 1031 2976 1200 3056; x_wconf 78' lang='lat' dir='ltr'><strong>religiosis,</strong></span> <span class='ocrx_word' id='word_1_254' title='bbox 1220 2975 1281 3035; x_wconf 91' lang='lat' dir='ltr'><strong>ho·</strong></span> 
     </span>
     <span class='ocr_line' id='line_1_34' title="bbox 164 3060 1280 3144; baseline -0.004 -22"><span class='ocrx_word' id='word_1_255' title='bbox 164 3061 267 3122; x_wconf 87' lang='lat' dir='ltr'><strong>mines</strong></span> <span class='ocrx_word' id='word_1_256' title='bbox 291 3063 437 3138; x_wconf 83' lang='lat' dir='ltr'><strong>traxerit,</strong></span> <span class='ocrx_word' id='word_1_257' title='bbox 459 3062 510 3122; x_wconf 86' lang='lat' dir='ltr'><strong>vel</strong></span> <span class='ocrx_word' id='word_1_258' title='bbox 533 3061 659 3144; x_wconf 88' lang='lat' dir='ltr'><strong>aliquid</strong></span> <span class='ocrx_word' id='word_1_259' title='bbox 675 3062 838 3124; x_wconf 83' lang='lat' dir='ltr'><strong>violenter</strong></span> <span class='ocrx_word' id='word_1_260' title='bbox 857 3060 1032 3124; x_wconf 88' lang='lat' dir='ltr'><strong>crediderit</strong></span> <span class='ocrx_word' id='word_1_261' title='bbox 1055 3060 1280 3137; x_wconf 83' lang='lat' dir='ltr'><strong>auferendum,</strong></span> 
     </span>
     <span class='ocr_line' id='line_1_35' title="bbox 109 3146 502 3228; baseline -0.005 -22"><span class='ocrx_word' id='word_1_262' title='bbox 109 3149 112 3156; x_wconf 82' lang='lat'>&#39;</span> <span class='ocrx_word' id='word_1_263' title='bbox 166 3146 270 3228; x_wconf 89' lang='lat' dir='ltr'><strong>capite</strong></span> <span class='ocrx_word' id='word_1_264' title='bbox 295 3147 458 3226; x_wconf 88' lang='lat' dir='ltr'><strong>puniatur.</strong></span> <span class='ocrx_word' id='word_1_265' title='bbox 499 3173 502 3184; x_wconf 93' lang='lat'>·</span> 
     </span>
    </p>

    <p class='ocr_par' dir='ltr' id='par_1_10' title="bbox 165 3220 1283 3890">
     <span class='ocr_line' id='line_1_36' title="bbox 250 3220 1280 3308; baseline -0.007 -22"><span class='ocrx_word' id='word_1_266' title='bbox 250 3228 396 3289; x_wconf 76' lang='lat' dir='ltr'><strong>cxxvi.</strong></span> <span class='ocrx_word' id='word_1_267' title='bbox 437 3225 553 3287; x_wconf 85' lang='lat' dir='ltr'><strong>Nullus</strong></span> <span class='ocrx_word' id='word_1_268' title='bbox 578 3224 754 3308; x_wconf 82' lang='lat' dir='ltr'><strong>posthaec</strong></span> <span class='ocrx_word' id='word_1_269' title='bbox 783 3223 974 3302; x_wconf 88' lang='lat' dir='ltr'><strong>curialium,</strong></span> <span class='ocrx_word' id='word_1_270' title='bbox 1007 3224 1076 3286; x_wconf 81' lang='lat' dir='ltr'><strong>sive</strong></span> <span class='ocrx_word' id='word_1_271' title='bbox 1101 3220 1280 3288; x_wconf 86' lang='lat' dir='ltr'><strong>tabulario-</strong></span> 
     </span>
     <span class='ocr_line' id='line_1_37' title="bbox 165 3303 1281 3390; baseline -0.009 -18"><span class='ocrx_word' id='word_1_272' title='bbox 165 3332 250 3385; x_wconf 90' lang='lat' dir='ltr'><strong>rum,</strong></span> <span class='ocrx_word' id='word_1_273' title='bbox 273 3317 329 3370; x_wconf 90' lang='lat' dir='ltr'><strong>aut</strong></span> <span class='ocrx_word' id='word_1_274' title='bbox 354 3319 591 3390; x_wconf 88' lang='lat' dir='ltr'><strong>susceptorum,</strong></span> <span class='ocrx_word' id='word_1_275' title='bbox 624 3308 659 3368; x_wconf 90' lang='lat' dir='ltr'><strong>in</strong></span> <span class='ocrx_word' id='word_1_276' title='bbox 687 3307 833 3369; x_wconf 89' lang='lat' dir='ltr'><strong>Ecclesia</strong></span> <span class='ocrx_word' id='word_1_277' title='bbox 858 3307 1002 3368; x_wconf 88' lang='lat' dir='ltr'><strong>residens</strong></span> <span class='ocrx_word' id='word_1_278' title='bbox 1029 3307 1163 3389; x_wconf 88' lang='lat' dir='ltr'><strong>pictacia</strong></span> <span class='ocrx_word' id='word_1_279' title='bbox 1181 3303 1281 3363; x_wconf 76' lang='lat' dir='ltr'><strong>&#39;dele-</strong></span> 
     </span>
     <span class='ocr_line' id='line_1_38' title="bbox 168 3388 1283 3478; baseline -0.007 -26"><span class='ocrx_word' id='word_1_280' title='bbox 168 3394 305 3478; x_wconf 81' lang='lat' dir='ltr'><strong>gationis</strong></span> <span class='ocrx_word' id='word_1_281' title='bbox 332 3394 474 3455; x_wconf 84' lang='lat' dir='ltr'><strong>emittat:</strong></span> <span class='ocrx_word' id='word_1_282' title='bbox 497 3391 553 3453; x_wconf 87' lang='lat' dir='ltr'><strong>sed</strong></span> <span class='ocrx_word' id='word_1_283' title='bbox 580 3391 605 3451; x_wconf 89' lang='lat' dir='ltr'><strong>si</strong></span> <span class='ocrx_word' id='word_1_284' title='bbox 629 3411 725 3471; x_wconf 88' lang='lat' dir='ltr'><strong>quem</strong></span> <span class='ocrx_word' id='word_1_285' title='bbox 744 3391 819 3450; x_wconf 88' lang='lat' dir='ltr'><strong>fisco</strong></span> <span class='ocrx_word' id='word_1_286' title='bbox 846 3389 1025 3450; x_wconf 90' lang='lat' dir='ltr'><strong>debitorem</strong></span> <span class='ocrx_word' id='word_1_287' title='bbox 1050 3388 1159 3461; x_wconf 87' lang='lat' dir='ltr'><strong>novit,</strong></span> <span class='ocrx_word' id='word_1_288' title='bbox 1183 3407 1283 3466; x_wconf 87' lang='lat' dir='ltr'><strong>expo-</strong></span> 
     </span>
     <span class='ocr_line' id='line_1_39' title="bbox 167 3471 1281 3553; baseline -0.008 -16"><span class='ocrx_word' id='word_1_289' title='bbox 167 3485 223 3537; x_wconf 87' lang='lat' dir='ltr'><strong>nat</strong></span> <span class='ocrx_word' id='word_1_290' title='bbox 240 3496 313 3537; x_wconf 90' lang='lat' dir='ltr'><strong>eum</strong></span> <span class='ocrx_word' id='word_1_291' title='bbox 325 3486 413 3535; x_wconf 83' lang='lat' dir='ltr'><strong>extra</strong></span> <span class='ocrx_word' id='word_1_292' title='bbox 424 3473 813 3547; x_wconf 86' lang='lat' dir='ltr'><strong>Ecclesiamconstitutus‚</strong></span> <span class='ocrx_word' id='word_1_293' title='bbox 826 3480 976 3532; x_wconf 87' lang='lat' dir='ltr'><strong>autcertc</strong></span> <span class='ocrx_word' id='word_1_294' title='bbox 996 3472 1123 3553; x_wconf 81' lang='lat' dir='ltr'><strong>deleget</strong></span> <span class='ocrx_word' id='word_1_295' title='bbox 1136 3471 1281 3530; x_wconf 80' lang='lat' dir='ltr'><strong>facturus</strong></span> 
     </span>
     <span class='ocr_line' id='line_1_40' title="bbox 168 3549 1281 3639; baseline -0.01 -18"><span class='ocrx_word' id='word_1_296' title='bbox 168 3581 241 3621; x_wconf 87' lang='lat' dir='ltr'><strong>oum</strong></span> <span class='ocrx_word' id='word_1_297' title='bbox 258 3580 308 3633; x_wconf 90' lang='lat' dir='ltr'><strong>eo,</strong></span> <span class='ocrx_word' id='word_1_298' title='bbox 330 3559 431 3639; x_wconf 91' lang='lat' dir='ltr'><strong>quise</strong></span> <span class='ocrx_word' id='word_1_299' title='bbox 450 3557 628 3618; x_wconf 91' lang='lat' dir='ltr'><strong>debitorem</strong></span> <span class='ocrx_word' id='word_1_300' title='bbox 649 3556 824 3638; x_wconf 82' lang='lat' dir='ltr'><strong>negaverit,</strong></span> <span class='ocrx_word' id='word_1_301' title='bbox 847 3555 978 3635; x_wconf 89' lang='lat' dir='ltr'><strong>publice</strong></span> <span class='ocrx_word' id='word_1_302' title='bbox 992 3554 1159 3614; x_wconf 87' lang='lat' dir='ltr'><strong>rationem.</strong></span> <span class='ocrx_word' id='word_1_303' title='bbox 1182 3549 1281 3628; x_wconf 86' lang='lat' dir='ltr'><strong>Quod</strong></span> 
     </span>
     <span class='ocr_line' id='line_1_41' title="bbox 168 3635 1280 3722; baseline -0.012 -18"><span class='ocrx_word' id='word_1_304' title='bbox 168 3642 194 3704; x_wconf 85' lang='lat' dir='ltr'><strong>si</strong></span> <span class='ocrx_word' id='word_1_305' title='bbox 217 3651 365 3701; x_wconf 89' lang='lat' dir='ltr'><strong>mutuum</strong></span> <span class='ocrx_word' id='word_1_306' title='bbox 397 3641 492 3722; x_wconf 88' lang='lat' dir='ltr'><strong>quis,</strong></span> <span class='ocrx_word' id='word_1_307' title='bbox 529 3661 602 3700; x_wconf 90' lang='lat' dir='ltr'><strong>cum</strong></span> <span class='ocrx_word' id='word_1_308' title='bbox 626 3638 686 3699; x_wconf 90' lang='lat' dir='ltr'><strong>sibi</strong></span> <span class='ocrx_word' id='word_1_309' title='bbox 712 3637 898 3720; x_wconf 88' lang='lat' dir='ltr'><strong>delegatur,</strong></span> <span class='ocrx_word' id='word_1_310' title='bbox 929 3644 961 3697; x_wconf 90' lang='lat' dir='ltr'><strong>et</strong></span> <span class='ocrx_word' id='word_1_311' title='bbox 993 3657 1027 3696; x_wconf 90' lang='lat' dir='ltr'><strong>se</strong></span> <span class='ocrx_word' id='word_1_312' title='bbox 1064 3657 1129 3697; x_wconf 94' lang='lat' dir='ltr'><strong>non</strong></span> <span class='ocrx_word' id='word_1_313' title='bbox 1161 3635 1280 3694; x_wconf 90' lang='lat' dir='ltr'><strong>debere</strong></span> 
     </span>
     <span class='ocr_line' id='line_1_42' title="bbox 167 3717 1281 3804; baseline -0.011 -18"><span class='ocrx_word' id='word_1_314' title='bbox 167 3724 376 3799; x_wconf 86' lang='lat' dir='ltr'><strong>clamaverit,</strong></span> <span class='ocrx_word' id='word_1_315' title='bbox 413 3724 575 3785; x_wconf 78' lang='lat' dir='ltr'><strong>violenter</strong></span> <span class='ocrx_word' id='word_1_316' title='bbox 613 3720 788 3783; x_wconf 90' lang='lat' dir='ltr'><strong>crediderit</strong></span> <span class='ocrx_word' id='word_1_317' title='bbox 821 3720 1039 3802; x_wconf 79' lang='lat' dir='ltr'><strong>exigendum,</strong></span> <span class='ocrx_word' id='word_1_318' title='bbox 1067 3719 1102 3779; x_wconf 91' lang='lat' dir='ltr'><strong>in</strong></span> <span class='ocrx_word' id='word_1_319' title='bbox 1135 3717 1281 3804; x_wconf 89' lang='lat' dir='ltr'><strong>quadru-</strong></span> 
     </span>
     <span class='ocr_line' id='line_1_43' title="bbox 167 3806 580 3890; baseline 0.002 -25"><span class='ocrx_word' id='word_1_320' title='bbox 167 3807 258 3890; x_wconf 89' lang='lat' dir='ltr'><strong>plum</strong></span> <span class='ocrx_word' id='word_1_321' title='bbox 281 3815 405 3866; x_wconf 86' lang='lat' dir='ltr'><strong>extorta</strong></span> <span class='ocrx_word' id='word_1_322' title='bbox 424 3806 580 3866; x_wconf 83' lang='lat' dir='ltr'><strong>restituat.</strong></span> 
     </span>
    </p>

    <p class='ocr_par' dir='ltr' id='par_1_11' title="bbox 167 3879 1283 4221">
     <span class='ocr_line' id='line_1_44' title="bbox 250 3879 1282 3969; baseline -0.009 -20"><span class='ocrx_word' id='word_1_323' title='bbox 250 3888 406 3950; x_wconf 86' lang='lat' dir='ltr'><strong>CXXVlI.</strong></span> <span class='ocrx_word' id='word_1_324' title='bbox 450 3887 602 3969; x_wconf 88' lang='lat' dir='ltr'><strong>Delegari</strong></span> <span class='ocrx_word' id='word_1_325' title='bbox 625 3908 721 3948; x_wconf 89' lang='lat' dir='ltr'><strong>nemo</strong></span> <span class='ocrx_word' id='word_1_326' title='bbox 744 3884 840 3947; x_wconf 89' lang='lat' dir='ltr'><strong>debet</strong></span> <span class='ocrx_word' id='word_1_327' title='bbox 856 3884 1003 3946; x_wconf 70' lang='lat' dir='ltr'><strong>invitaet</strong></span> <span class='ocrx_word' id='word_1_328' title='bbox 1031 3882 1088 3946; x_wconf 85' lang='lat' dir='ltr'><strong>sed</strong></span> <span class='ocrx_word' id='word_1_329' title='bbox 1115 3882 1143 3945; x_wconf 89' lang='lat' dir='ltr'><strong>si</strong></span> <span class='ocrx_word' id='word_1_330' title='bbox 1167 3882 1193 3943; x_wconf 90' lang='lat' dir='ltr'><strong>is</strong></span> <span class='ocrx_word' id='word_1_331' title='bbox 1222 3879 1282 3960; x_wconf 88' lang='lat' dir='ltr'><strong>qui</strong></span> 
     </span>
     <span class='ocr_line' id='line_1_45' title="bbox 167 3965 1282 4054; baseline -0.009 -20"><span class='ocrx_word' id='word_1_332' title='bbox 167 3995 186 4034; x_wconf 90' lang='lat' dir='ltr'><strong>a</strong></span> <span class='ocrx_word' id='word_1_333' title='bbox 207 3972 366 4032; x_wconf 88' lang='lat' dir='ltr'><strong>creditore</strong></span> <span class='ocrx_word' id='word_1_334' title='bbox 390 3993 448 4032; x_wconf 92' lang='lat' dir='ltr'><strong>suo</strong></span> <span class='ocrx_word' id='word_1_335' title='bbox 470 3970 648 4054; x_wconf 88' lang='lat' dir='ltr'><strong>delegatur,</strong></span> <span class='ocrx_word' id='word_1_336' title='bbox 670 3990 862 4030; x_wconf 87' lang='lat' dir='ltr'><strong>consensum</strong></span> <span class='ocrx_word' id='word_1_337' title='bbox 887 3965 1083 4050; x_wconf 89' lang='lat' dir='ltr'><strong>delegationi</strong></span> <span class='ocrx_word' id='word_1_338' title='bbox 1112 3965 1282 4048; x_wconf 90' lang='lat' dir='ltr'><strong>praebens,</strong></span> 
     </span>
     <span class='ocr_line' id='line_1_46' title="bbox 170 4045 1283 4134; baseline -0.009 -18"><span class='ocrx_word' id='word_1_339' title='bbox 170 4055 289 4116; x_wconf 90' lang='lat' dir='ltr'><strong>debere</strong></span> <span class='ocrx_word' id='word_1_340' title='bbox 309 4075 342 4116; x_wconf 85' lang='lat' dir='ltr'><strong>se</strong></span> <span class='ocrx_word' id='word_1_341' title='bbox 362 4055 511 4130; x_wconf 84' lang='lat' dir='ltr'><strong>fateatur,</strong></span> <span class='ocrx_word' id='word_1_342' title='bbox 533 4065 566 4114; x_wconf 90' lang='lat' dir='ltr'><strong>et</strong></span> <span class='ocrx_word' id='word_1_343' title='bbox 590 4052 795 4115; x_wconf 88' lang='lat' dir='ltr'><strong>redditurum</strong></span> <span class='ocrx_word' id='word_1_344' title='bbox 816 4051 992 4134; x_wconf 85' lang='lat' dir='ltr'><strong>spondeat,</strong></span> <span class='ocrx_word' id='word_1_345' title='bbox 1015 4049 1103 4132; x_wconf 92' lang='lat' dir='ltr'><strong>quod</strong></span> <span class='ocrx_word' id='word_1_346' title='bbox 1124 4045 1283 4131; x_wconf 89' lang='lat' dir='ltr'><strong>promisit,</strong></span> 
     </span>
     <span class='ocr_line' id='line_1_47' title="bbox 170 4138 501 4221; baseline -0.018 -22"><span class='ocrx_word' id='word_1_347' title='bbox 170 4146 303 4221; x_wconf 90' lang='lat' dir='ltr'><strong>cogatur</strong></span> <span class='ocrx_word' id='word_1_348' title='bbox 323 4138 501 4198; x_wconf 80' lang='lat' dir='ltr'><strong>exsolvere.</strong></span> 
     </span>
    </p>

    <p class='ocr_par' dir='ltr' id='par_1_12' title="bbox 252 4209 1286 4300">
     <span class='ocr_line' id='line_1_48' title="bbox 252 4209 1286 4300; baseline -0.008 -22"><span class='ocrx_word' id='word_1_349' title='bbox 252 4218 434 4285; x_wconf 72' lang='lat' dir='ltr'><strong>cxxvut</strong></span> <span class='ocrx_word' id='word_1_350' title='bbox 475 4217 579 4279; x_wconf 88' lang='lat' dir='ltr'><strong>Filius</strong></span> <span class='ocrx_word' id='word_1_351' title='bbox 603 4216 635 4276; x_wconf 88' lang='lat' dir='ltr'><strong>in</strong></span> <span class='ocrx_word' id='word_1_352' title='bbox 666 4224 823 4300; x_wconf 85' lang='lat' dir='ltr'><strong>potestate</strong></span> <span class='ocrx_word' id='word_1_353' title='bbox 849 4213 947 4300; x_wconf 83' lang='lat' dir='ltr'><strong>patris</strong></span> <span class='ocrx_word' id='word_1_354' title='bbox 970 4212 1110 4298; x_wconf 85' lang='lat' dir='ltr'><strong>positus,</strong></span> <span class='ocrx_word' id='word_1_355' title='bbox 1139 4209 1193 4274; x_wconf 83' lang='lat' dir='ltr'><strong>vel</strong></span> <span class='ocrx_word' id='word_1_356' title='bbox 1218 4230 1286 4274; x_wconf 88' lang='lat' dir='ltr'><strong>ser-</strong></span> 
     </span>
    </p>
   </div>
   <div class='ocr_carea' id='block_1_3' title="bbox 0 0 1457 5020">
    <p class='ocr_par' dir='ltr' id='par_1_13' title="bbox 0 0 1457 5020">
     <span class='ocr_line' id='line_1_49' title="bbox 0 0 1457 5020; baseline 0 0"><span class='ocrx_word' id='word_1_357' title='bbox 0 0 1457 5020; x_wconf 95' lang='lat' dir='ltr'><strong> </strong></span> 
     </span>
    </p>
   </div>
  </div>
 </body>
</html>
