2826 4998
405 330 507 384 trois
529 329 679 385 starent
704 329 775 383 rm.
795 328 867 385 x1v.
1160 309 1209 380 25

104 473 164 536 sol.
187 465 290 532 LXII.
313 477 345 530 et
372 468 541 531 dimidium
564 479 696 553 cogatur
723 468 795 534 den.
823 467 879 550 qui
909 465 1032 527 faciunt
1055 464 1153 532 LXII.
1176 465 1208 526 S.

103 553 303 638 persolvere,
324 573 392 612 exc.
413 553 547 633 capitale
577 564 608 613 et
630 553 693 615 del.
722 560 854 633 cogatur
878 549 1070 631 persolvere.

148 637 209 696 VI.
251 633 286 694 Si
318 634 390 715 quis
416 656 498 716 puer
518 636 613 717 Regis
641 632 693 696 vel
764 633 821 699 VI.
864 634 991 694 sivero
1009 649 1090 713 puer
1107 630 1208 712 Regis

103 717 205 779 Lidus
226 716 399 796 ingenuam
417 717 570 777 feminam
590 727 693 778 traxe·
722 716 774 778 rel
794 716 870 778 litus
883 725 913 788 ej
934 714 1107 795 ingenuam
1119 714 1210 774 femi-

103 800 160 878 rit,
184 800 224 860 de
245 799 310 858 vita
330 807 508 881 componat.
721 819 794 858 nam
813 796 957 874 traxerit,
982 796 1022 857 de
1038 794 1103 858 vita
1126 817 1209 858 com·

744 889 828 941 onat.

144 962 224 1024 VII.
246 961 280 1022 Si
293 983 370 1025 vero
387 960 691 1043 ingenuafoemina,
719 902 843 1026 pVll:
880 960 915 1024 si
955 979 1033 1022 vero
1067 959 1208 1044 ingenua

103 1048 377 1128 aliquemcun‘que
399 1045 438 1104 de
458 1044 543 1120 illis,
564 1065 619 1104 sua
637 1064 692 1104 vo·
719 1045 860 1106 foemina
878 1061 1044 1126 ,querque
1071 1043 1110 1105 de
1143 1042 1209 1104 illis

103 1130 230 1190 luntate
256 1138 364 1188 secuta
383 1125 491 1204 fuerit,
513 1126 692 1208 ingenuita-
719 1149 776 1189 sna
793 1127 958 1190 voluntate
975 1134 1084 1185 secuta
1099 1125 1209 1202 fuerit,

102 1220 169 1272 tem
185 1229 273 1270 suam
292 1209 414 1289 perdat.
720 1210 951 1292 ingenuitatem
973 1227 1065 1282 ,suam
1085 1206 1209 1290 perdat.

145 1292 242 1352 VIII.
284 1291 398 1372 Siquis
411 1290 553 1372 puellam
566 1311 692 1372 sponsa·
764 1293 856 1358 VIII.
899 1291 933 1350 si
962 1288 1031 1370 quis
1059 1311 1209 1372 sponsam

103 1386 168 1436 tam
181 1374 303 1452 tulerit,
323 1383 356 1434 ct
374 1371 434 1434 sibi
452 1372 486 1431 in
505 1371 692 1453 coniugium
720 1375 859 1436 alienam
871 1372 984 1436 tulerit
987 1369 1029 1452 f)
1050 1382 1082 1434 et
1097 1372 1157 1434 sihi
1174 1373 1208 1432 in

103 1455 293 1533 sociaverit,
335 1460 459 1532 (nass.
482 1456 551 1513 Ana
571 1456 691 1528 atheo)
720 1458 907 1541 coniugium
917 1454 1209 1535 copulaverit,lID.

102 1540 213 1601 MMD.
224 1537 295 1603 den.
308 1538 433 1617 quifao.
441 1536 497 1601 sol.
509 1537 609 1596 LXII.
618 1557 692 1596 cum
725 1539 799 1601 den.
817 1541 874 1621 qui
896 1537 1021 1601 faciunt
1034 1538 1092 1602 sol.
1111 1537 1208 1602 LXII.

103 1619 252 1696 dimidio,
271 1620 442 1702 culpabilis
465 1617 636 1678 iudicetur.
720 1622 752 1687 S.
774 1623 859 1704 culp.
880 1620 948 1682 ind.

147 1701 209 1762 IX.
249 1702 372 1783 Sponso
402 1710 507 1761 autem
533 1699 601 1761 eius
624 1701 690 1765 DC.
763 1704 822 1770 IX.
867 1701 1207 1787 Sponsoautemeins,

105 1785 180 1844 den.
201 1783 257 1864 qni
280 1784 404 1845 faciunt
425 1782 481 1849 sol.
501 1782 573 1848 XV.
606 1782 690 1865 culp.
720 1790 785 1848 DC.
813 1786 887 1852 den.
919 1787 976 1868 qui
1001 1784 1127 1845 faciunt
1150 1785 1207 1848 sol.

103 1866 277 1927 iudicetur.
556 1931 558 1936 ,
719 1871 790 1931 XV.
813 1870 898 1949 culp.
920 1869 987 1930 iud.

145 1947 189 2012 X.
232 1947 267 2008 si
301 1947 373 2030 quis
401 1949 541 2031 puellam
564 1969 692 2031 sponsa·
760 1951 802 2014 X.
844 1952 955 2034 Siquis
968 1951 1208 2033 puellam,quae

103 2040 169 2090 tam
188 2029 305 2090 drutlre
330 2031 468 2092 ducente
489 2031 528 2091 ad
545 2031 692 2090 maritum
722 2034 857 2096 druchte
872 2043 911 2114 g)
929 2032 1059 2094 ducitur
1080 2033 1119 2092 ad
1139 2054 1207 2092 ma·

106 2123 140 2174 et
160 2133 230 2174 eam
251 2111 284 2170 in
297 2113 349 2172 via
371 2113 487 2195 aliquis
508 2111 692 2188 adsallierit,
720 2118 829 2195 ritum,
850 2117 882 2177 in
908 2116 960 2179 via
977 2114 1153 2192 adsalierit,
1177 2121 1209 2175 et

105 2204 229 2258 etcum
247 2193 313 2276 ipsa
335 2194 494 2256 violenter
511 2192 693 2255 moechatus
721 2221 794 2260 oum
817 2198 1050 2282 ipsaviolenter
1064 2195 1210 2258 moecha·
1297 2249 1302 2260 .

102 2277 240 2352 fuerit,(
250 2299 339 2336 nats.
352 2276 597 2356 Cleangicltaldo)
613 2275 693 2335 VIII
721 2292 771 2344 tus
791 2281 912 2357 fuerit,
940 2280 1027 2346 vtll,
1051 2280 1124 2344 den.
1151 2277 1207 2360 qni

104 2361 149 2424 Μ.
185 2355 259 2418 den·
288 2358 345 2439 qui
377 2360 500 2420 faciunt
534 2359 592 2420 sol·
631 2358 692 2417 CC·
721 2364 845 2426 faciunt
867 2363 925 2426 sol.
944 2363 1006 2423 CC.
1027 2361 1112 2445 culp.
1140 2360 1224 2425 iud„

103 2439 275 2522 culpabilis
297 2440 468 2501 iudicetur.
962 2495 964 2501 .

147 2521 211 2584 XI.
253 2522 287 2582 si
316 2523 388 2604 quis
409 2524 570 2604 ingennus
595 2521 694 2583 ancil·
761 2526 821 2589 XI.
862 2525 1208 2606 Siquisingenuusan·

101 2606 168 2666 lam
201 2604 339 2664 alienam
366 2605 426 2665 sibi
451 2608 484 2664 in
509 2603 693 2686 coniugium
722 2609 828 2670 uillam
848 2608 984 2668 alienam
1001 2607 1034 2664 in
1059 2605 1208 2686 coniugi-

102 2686 279 2748 sociaverit
300 2689 339 2760 b)
358 2695 468 2761 (nass.
490 2687 637 2748 Honomo
656 2692 692 2766 c)
721 2715 776 2752 nm
793 2690 970 2772 acceperit,
991 2689 1056 2769 ipse
1076 2708 1149 2746 cnm
1170 2708 1208 2746 ea

100 2770 172 2852 ipse
195 2791 269 2830 cnm
286 2769 372 2828 eain
400 2769 584 2830 servitutem
601 2768 695 2829 incli-
721 2775 755 2834 in
775 2773 937 2836 servilium
955 2769 1139 2853 implicetur
1156 2769 1206 2840 lt).

99 2851 270 2924 neturd).

145 2933 225 2998 XII.
267 2932 302 2993 Si
314 2933 385 3014 quis
398 2953 549 3011 sororem,
564 2943 618 2994 aut
632 2935 694 2994 fra-

101 3015 162 3078 tris
180 3016 289 3091 filiam,
305 3024 360 3074 aut
378 3024 463 3076 certe
476 3016 608 3078 alterius
627 3039 694 3099 gra-

103 3098 166 3158 dus
190 3098 390 3175 consobiam,
412 3106 466 3157 aut
489 3099 594 3158 fratris
611 3121 692 3160 uxo-

20 3211 24 3224 ·
101 3201 186 3258 rem,
201 3189 255 3239 ant
264 3179 427 3256 avunculi,
442 3181 603 3241 sceleratis
614 3202 693 3262 nup-

102 3263 158 3323 tiis
181 3262 243 3322 sibi
265 3263 430 3336 iunxerit,
463 3261 539 3322 huic
566 3283 691 3345 poenae

102 3345 277 3422 subiaceat,
300 3353 337 3404 ut
357 3345 374 3404 d
392 3343 446 3402 tali
471 3345 631 3405 consortio
646 3364 692 3404 se-

100 3435 251 3506 paretur3
274 3437 370 3506 atque
381 3427 486 3503 etiam,
498 3426 524 3486 si
543 3425 625 3486 filios
639 3425 693 3484 ha-

100 3509 254 3584 buerint,
272 3529 336 3568 non
357 3507 535 3567 habeantur
555 3506 690 3589 legitimi

101 3590 271 3668 haeredes,
284 3589 340 3651 sed
351 3590 479 3648 infamia
488 3599 563 3650 sunt
581 3589 690 3648 notati.

141 3671 244 3734 XIII.
285 3675 319 3733 Si
344 3673 416 3752 quis
445 3672 615 3754 ingenuam
646 3672 690 3731 fe-

173 3887 205 3949 b)
230 3884 265 3936 In
291 3903 370 3953 marg.
393 3891 506 3958 priserit
528 3887 702 3958 copulaverit
723 3887 802 3938 alias.
887 3889 915 3952 o)
938 3882 971 3936 In
987 3899 1068 3948 marg.
1097 3885 1203 3936 Onemo.

101 3956 139 4021 d)
163 3956 197 4005 ln
216 3973 297 4020 marg.
322 3975 380 4007 cum
398 3961 457 4027 ipsa
476 3961 506 4008 in
522 3961 638 4010 servitt'o
653 3967 829 4026 permaneat,
855 3956 1008 4022 implicetur
1026 3953 1107 4004 alias.
1178 3959 1207 4018 e)

99 4026 196 4076 Baluz.
208 4024 288 4076 lidus.
327 4027 412 4080 Gloss.
431 4030 584 4080 Fl'scolinns
596 4029 643 4080 vel
655 4028 843 4078 Sartetaarius.
891 4026 935 4096 f)
953 4024 1062 4076 Glossae
1077 4022 1119 4074 vel
1130 4019 1205 4074 barb.

99 4113 160 4145 mss.
181 4093 308 4155 ademtis,
327 4098 410 4149 tultis.
466 4096 494 4168 g)
513 4098 601 4149 Guelf.
622 4115 666 4148 un.
692 4095 811 4147 dractlte.
847 4093 937 4148 Guelf.
958 4091 1205 4145 alter:dedracte.

100 4165 158 4218 Est.
178 4165 287 4216 Tracta.
324 4166 407 4218 Gloss.
427 4165 484 4218 Est.
497 4185 548 4236 per
567 4169 745 4236 nuntiatores.
781 4165 866 4217 Gloss.
885 4166 953 4218 Pith.
978 4174 1116 4233 sponsata,
1172 4162 1207 4230 lt)

101 4234 157 4286 Est.
179 4235 344 4304 applicetur,
364 4235 424 4290 dam
443 4240 502 4306 ipsa
521 4239 626 4296 vicerit
645 4248 756 4290 tantam.
1037 4266 1039 4271 .
1215 4255 1217 4261 ⁴
