2826 4998
156 1581 194 1624 tn
239 1579 410 1621 currere
452 1575 614 1621 nonin.
832 1595 1073 1654 {Ncmq

273 1703 514 1762 tnc1n1r

204 1808 233 1873 Ρ
277 1810 305 1870 Α
346 1809 370 1869 c
412 1809 440 1868 Τ
482 1809 511 1868 U
552 1809 573 1870 s

127 1926 319 2000 LEGIS
368 1923 651 1998 SALIOAE.
710 1919 891 1994 LEGIS
933 1913 1196 1990 SALICAE.

738 1699 1180 1846 ‘meunt

137 2079 184 2140 Hi
199 2091 307 2142 autem
320 2093 392 2142 sunt
405 2082 459 2163 qni
472 2080 585 2160 Legem
603 2076 685 2138 Sati-

100 2183 164 2223 cam
178 2175 411 2223 tractauernnt:
433 2159 482 2219 W
478 2165 610 2240 isogast,
633 2159 680 2218 A·

101 2242 633 2388 ttttffdfttttm'ffdttttt
649 2242 683 2302 ‘³⁸

241 2369 255 2397 ³
636 2372 644 2388 n

156 2477 250 2547 Ttr.
274 2476 305 2547 1.
363 2475 422 2546 De
446 2473 624 2547 Mennire.
736 2475 825 2548 Tm.
844 2474 875 2551 1.
923 2475 1167 2549 Demnnierc.

139 2605 166 2672 l.
207 2603 390 2701 Siquised
409 2603 541 2665 Mallum
560 2603 685 2688 legibus
753 2603 781 2672 I.
822 2604 940 2687 Siquis
954 2605 994 2667 ad
1007 2604 1139 2664 mallum
1152 2601 1198 2662 le·

104 2687 273 2750 dominicis
303 2687 464 2747 mannitus
493 2687 616 2764 inerit,
653 2696 686 2748 et
713 2687 804 2769 gibus
832 2686 1001 2748 dominicis
1034 2685 1197 2745 mannitus

104 2791 167 2831 non
195 2769 341 2846 venerit,
363 2768 388 2830 ei
408 2789 482 2830 eum
495 2769 600 2829 Sumic
618 2789 683 2831 non
710 2770 827 2846 suerit,
849 2780 881 2831 et
903 2790 967 2830 non
992 2767 1134 2830 venerit:
1169 2761 1196 2826 si

104 2851 290 2930 detinuerit,
304 2851 479 2913 solidorum
495 2851 684 2932 quindecim
712 2873 785 2913 eum
802 2851 913 2912 sunnis
929 2872 993 2911 non
1009 2847 1196 2924 detinuerit,

104 2932 272 3015 culpabilis
285 2934 463 3009 iudicetur,
484 2931 542 3015 qui
560 2933 685 2993 faciunt
709 2932 934 3010 venenariis,
950 2930 1005 3013 qni
1017 2932 1199 2992 faciuntso·

105 3015 253 3079 denarios
275 3016 489 3099 sexingentos.
710 3014 793 3076 lidos
816 3015 886 3083 XV.
909 3015 1082 3098 culpabilis
1108 3013 1197 3074 iudi-

710 3108 809 3160 cetur.

143 3177 187 3246 11.
230 3179 291 3241 Ille
309 3177 574 3261 veroqnialinm
592 3199 684 3239 man·
750 3181 790 3246 ΙΙ.
830 3179 892 3241 Ille
911 3200 988 3243 vero
1012 3177 1068 3260 qui
1096 3174 1197 3236 alium

107 3261 162 3340 nit,
179 3269 212 3323 et
231 3262 299 3343 ipse
317 3282 381 3321 non
401 3261 545 3339 venerit,
566 3261 593 3324 ei
610 3283 683 3323 eum
709 3261 848 3340 mannit,
863 3261 902 3336 si,
915 3283 981 3324 non
1002 3258 1140 3335 venerit,
1164 3267 1198 3318 et

107 3343 209 3404 Sumis
220 3364 286 3403 non
305 3343 489 3420 detinuerit,
503 3343 534 3404 ei
549 3343 607 3424 'qui
620 3366 686 3404 mn·
710 3364 783 3404 eum
795 3344 907 3406 sunnis
925 3365 990 3405 non
1011 3339 1196 3417 detinuerit,

107 3425 187 3485 nihit
202 3425 350 3487 similiter
368 3427 435 3488 DC.
461 3425 535 3490 den.
559 3427 616 3507 qui
635 3427 685 3487 fn·
713 3426 743 3486 ei
756 3448 852 3508 quem
864 3425 1034 3500 manniuit‚
1048 3422 1197 3485 similiter

107 3505 195 3570 ciunt
213 3507 331 3570 solidos
350 3507 419 3574 XV.
437 3517 615 3592 componat.
712 3508 779 3569 DC.
804 3508 877 3574 den.
899 3508 956 3589 qni
981 3506 1104 3568 faciunt
1135 3504 1200 3566 sol.v

712 3590 783 3653 XV.
803 3597 978 3672 componat.

143 3669 202 3737 111,
242 3669 305 3733 Ille
336 3680 464 3749 nutem,
498 3669 555 3752 qui
584 3670 681 3733 alium
754 3670 818 3734 Ill.
858 3668 1115 3752 lllcautemqni
1139 3667 1196 3729 nli·

108 3753 238 3829 mnnnit,
257 3775 329 3814 cum
344 3755 476 3816 testibus
495 3753 535 3813 nd
552 3753 681 3814 domum
709 3775 764 3815 um
776 3754 908 3828 mannit,
922 3772 994 3813 cum
1005 3753 1136 3812 testibus
1153 3751 1194 3810 ad

108 3833 192 3896 illius
212 3836 488 3916 ambularessdebet
502 3843 534 3896 et
548 3836 592 3897 sie
606 3857 681 3897 enm
708 3836 838 3898 domum
847 3837 934 3897 illins
946 3832 1095 3910 ambulet,
1105 3842 1136 3894 ct
1149 3832 1194 3894 sic

107 3936 245 3979 mannire
267 3917 371 3996 dehet,
391 3929 446 3979 aut
465 3936 596 3979 uxorem
617 3918 682 3979 illi·
709 3939 783 3979 eum
799 3919 960 3993 manniat,
988 3923 1042 3974 aut
1061 3934 1194 3975 uxorem

109 4019 151 4071 us,
172 3999 226 4062 vcl
248 4020 473 4083 quemcunque
496 3999 536 4060 de
558 4001 681 4061 familia
708 4000 808 4079 illius,
822 4003 875 4062 vel
892 4000 1074 4078 cuicunque
1091 3996 1131 4056 de
1148 3995 1194 4053 fn·

108 4077 200 4157 iuius,
212 4091 248 4141 ut
264 4083 294 4144 ei
307 4081 401 4144 saciat
413 4096 534 4158 notum,
545 4103 681 4164 quomo·
708 4084 797 4144 mitit
815 4083 904 4145 illins
919 4077 1103 4154 denunciet,
1119 4075 1193 4136 ntei

109 4162 145 4254 dn
159 4164 197 4223 ab
212 4164 270 4225 illo
284 4165 442 4226 mannitus
463 4173 527 4227 est:
559 4167 680 4227 namsi
708 4167 803 4227 faciat
824 4176 946 4243 notum,
972 4161 1132 4246 quomodo
1153 4157 1195 4220 sit

111 4261 140 4302 in
157 4244 313 4312 dominica
330 4247 492 4311 Ambnccia
510 4248 608 4312 fuerit
628 4269 688 4311 ne·
709 4247 747 4311 ab
769 4248 827 4311 illo
844 4249 1012 4312 mannitus.
