2900 5020
12 399 81 440 '5³2
58 413 81 450 ιι

349 273 454 331 iacis
472 271 762 326 ιιιιιιιιιιιιιιοιιιιιι
780 264 852 326 ιιι.
872 265 1012 360 saxum
1172 249 1247 336 3Ιὸ
1294 337 1296 341 ,

219 410 280 476 ΙΙΙ.
323 411 372 472 Ita
392 422 430 474 ut
451 411 490 474 de
513 433 552 474 eo
572 411 663 508 quod
681 410 860 496 acceperit,
899 408 1032 474 tertium
1052 409 1221 544 solidum
1212 424 1253 496 ιιι

2 487 78 541 ΙΨ
138 492 335 562 ornamentis
355 495 467 578 puella
487 495 633 579 accipiat.

4 677 10 690 ·
35 661 64 704 ΙΙΙ

1 739 12 769 »Ι
21 742 54 785 ΙΙΙ,

12 1038 55 1088 ,ιι

13 1167 40 1204 s.
59 1177 63 1185 ¹
141 1103 273 1169 valebit.

237 647 327 720 Tru.
353 643 581 716 LXXXVII
617 644 675 717 De
700 647 884 720 minorum
898 633 1152 718 contractibus
1196 631 1245 679 ³

219 773 272 840 Ι.
290 773 455 834 Minorum
483 771 579 834 aetati
609 773 654 834 ita
686 772 882 834 credidimus
918 773 1174 853 consulendum,
1213 783 1249 836 ιιΙ
1293 773 1301 784 ”

23 829 70 878 ⁷³¹*
136 863 214 919 ante
236 833 315 918 XV.
344 855 454 916 aetatis
477 875 578 918 anuos
607 855 653 917 eis
682 875 742 918 nec
764 851 969 934 liberturoc),
998 877 1059 920 neo
1079 819 1248 936 reddere,

140 961 209 1002 nec
231 939 351 1002 donare
373 939 478 999 liceat.

223 1021 269 1084 ΙΙ.
309 1022 353 1085 ΕΙ
385 1021 413 1082 si
443 1018 656 1084 circumventi
689 1039 750 1103 per
780 1018 950 1085 infantiam
979 1021 1121 1100 fuerint,
1164 1019 1249 1082 nihil

224 1187 284 1252 ΙΙΙ.
326 1184 376 1248 lta
403 1193 439 1247 ut
467 1185 556 1282 quod
583 1191 657 1247 aute
687 1181 1016 1282 quintumdecimum
1037 1207 1161 1248 annum
1182 1205 1249 1282 ges-

1 1251 56 1292 ἸΙΙ
140 1277 212 1328 Ιιιιιι
231 1266 353 1346 fuerit,
373 1268 457 1328 intra
479 1269 558 1331 alios
579 1266 655 1336 XV.
684 1289 786 1332 anuos
812 1267 841 1331 si
861 1267 1045 1349 voluerint,
1072 1265 1250 1332 revocandi

140 1351 280 1414 habeant
300 1359 498 1449 potestatem.

220 1433 280 1499 IV.
321 1434 471 1512 Quod
446 1457 473 1496 si
504 1432 588 1494 iutra
619 1451 807 1514 expressum
827 1441 952 1518 tempus
981 1455 1047 1497 uon
1070 1450 1250 1498 revocare

140 1497 226 1596 riut,
248 1514 283 1576 in
308 1536 366 1577 sua
384 1515 532 1579 firmitate
555 1525 750 1600 permaneat.

337 1664 427 1736 rm.
452 1665 708 1773 nuruum
735 1666 794 1736 ιιι
817 1666 1057 1752 ubertatibus,
1130 1624 1132 1628 ’
1238 1611 1246 1727 ἶ
1304 1737 1309 1742 ,

222 1793 251 1860 Ι.
289 1792 460 1856 Libertatis
474 1815 553 1856 uero
574 1815 668 1855 causa
687 1802 843 1876 quantum
867 1793 1074 1874 possessionis
1097 1781 1166 1856 iure
1181 1790 1251 1894 ma·

15 1933 44 1970 :u
139 1877 209 1956 ior,
250 1877 487 1938 tantumdebet
508 1876 694 1958 diligentius
727 1875 899 1940 observari
950 1883 981 1946 J

224 1959 269 2022 ΙΙ
311 1961 354 2022 ΕΙ
375 1959 450 2024 idea
471 1959 706 2020 observandum
728 1968 790 2034 est,
813 1965 849 2018 ut
869 1955 1096 2018 manumittere
1117 1957 1248 2057 uolens,

139 2050 196 2109 aut
219 2063 279 2125 per
304 2041 494 2124 scripturam
516 2042 588 2136 lege
617 2050 837 2116 constantem,
866 2062 993 2101 serrum
1021 2061 1120 2122 quem
1146 2031 1249 2103 iihei-

140 2134 205 2185 tate
233 2125 420 2221 domuerit,
442 2123 662 2190 manumittat:
684 2132 739 2184 aut
758 2122 873 2184 sisino
895 2122 1051 2204 scriptura
1069 2121 1248 2185 libertatem

141 2207 304 2288 mancipio
326 2228 385 2268 suo
408 2208 598 2302 quicunque
620 2207 740 2266 donare
765 2204 925 2281 voluerit,
955 2227 1021 2265 non
1041 2205 1148 2287 minus
1167 2229 1248 2266 con-

140 2290 204 2356 lata
236 2289 459 2368 manumissio,
483 2311 597 2387 quarn
623 2289 769 2370 quinque
796 2295 850 2346 aut
875 2296 997 2369 septem
1019 2289 1249 2384 ingenuorum

139 2370 310 2436 hominum
330 2371 513 2469 testimonio
544 2372 730 2454 roboretur.
756 2390 862 2451 neque
884 2391 943 2464 per
965 2369 1156 2451 scripturam
1179 2393 1248 2432 ma-

3 2469 22 2492 ‘'
106 2495 109 2504 ·
141 2455 356 2518 numittentes
379 2454 542 2517 minorem
564 2474 735 2542 numerum
761 2452 914 2514 convenit
935 2451 1097 2514 adhibere.

251 2607 342 2679 Tur.
368 2605 594 2678 LXXXIX.
640 2605 702 2676 De
724 2607 798 2676 reis
822 2606 1072 2700 corripiendis.
1085 2604 1133 2702 f)

222 2733 454 2797 Gundebaldus
485 2738 556 2801 Rex
583 2733 852 2831 Burgundionum
881 2735 1029 2796 omuibus
1065 2733 1248 2808 comitibus.

139 2817 317 2878 Multorum
336 2817 507 2880 relatione
515 2818 725 2900 cognovimus
740 2817 939 2879 caballorum
959 2819 1065 2895 fures,
1087 2827 1118 2877 et
1140 2800 1248 2913 stirac-

141 2907 227 2960 tores
250 2897 418 2976 domuum,
449 2911 575 2962 tantum
602 2923 636 2964 sc
671 2900 711 2961 ad
746 2898 870 2964 lianc
861 2900 1015 2962 insaniam
1045 2898 1245 2995 prorupisse,

141 2990 177 3040 ut
207 3000 272 3039 non
301 2981 449 3059 occulte,
489 3004 602 3047 uerum
636 2983 732 3044 etiam
763 2981 892 3063 publice
914 2983 1049 3043 crimina
1080 2992 1112 3042 et
1138 2980 1247 3059 omnia

141 3061 224 3124 mala
250 3061 459 3134 committant
500 3063 644 3146 Ideoque
667 3065 924 3146 praeceptionem
947 3065 1057 3128 advos
1079 3060 1246 3141 dedimus,

142 3153 179 3204 ut
200 3144 329 3239 siquos
353 3129 549 3208 caballorum
573 3148 679 3242 fures,
712 3157 765 3207 aut
787 3147 966 3209 effractores
989 3147 1170 3224 domuum,
1180 3146 1245 3205 tam

142 3226 330 3288 criminosos
354 3249 450 3308 quam
479 3226 641 3312 suspectos
665 3228 814 3291 invenire
843 3230 1031 3312 potueritis,
1060 3192 1165 3290 statiui
1191 3246 1245 3310 ca-

139 3331 217 3404 pere
239 3318 272 3370 et
295 3309 335 3372 ad
365 3331 423 3372 nos
443 3313 603 3376 adducere
620 3333 685 3372 nou
706 3320 859 3378 moretur.
901 3315 1061 3378 Futurum
1082 3323 1117 3374 ut
1136 3313 1161 3373 is
1170 3305 1245 3393 qili

141 3393 287 3488 ¹capitur,
310 3401 342 3454 et
366 3403 439 3457 ante
460 3417 517 3456 uos
536 3394 691 3455 adductus
706 3393 826 3470 fuerit,
853 3393 879 3456 si
904 3416 936 3456 se
959 3399 1164 3456 innocentem
1186 3417 1246 3475 po-

140 3475 241 3538 tuerit
263 3475 458 3556 adprobare,
481 3501 556 3541 cum
584 3477 731 3538 omnibus
760 3477 855 3538 rebus
880 3477 945 3540 suis
968 3479 1051 3539 liber
1077 3479 1243 3555 abscedat,

142 3577 249 3638 neque
274 3524 466 3621 calumniaris
491 3583 551 3644 pro
576 3582 613 3622 eo
637 3560 725 3655 quod
741 3559 855 3642 ligatus
879 3571 933 3620 aut
960 3571 1069 3643 captus
1088 3569 1155 3638 est,
1178 3582 1244 3620 mo·

140 3661 214 3701 vere
232 3652 423 3722 praesumat
465 3645 499 3706 si
529 3665 608 3706 uero
636 3642 826 3703 criminosus
848 3645 1000 3705 inuentus
1018 3644 1138 3720 fuerit,
1162 3660 1244 3722 pac

142 3743 214 3780 nam
241 3723 294 3784 uel
323 3734 481 3818 tor-menta
507 3724 676 3808 suscipiat,
698 3741 793 3808 quae
813 3735 974 3789 meretur:
1013 3737 1044 3786 et
1077 3747 1128 3790 res
1155 3725 1244 3786 illius

142 3805 180 3864 ab
203 3803 254 3864 his
280 3805 337 3886 qui
363 3829 437 3869 eum
471 3818 650 3890 ceperunt,
684 3821 938 3904 praesumantur.
984 3809 1025 3870 Et
1048 3829 1115 3868 non
1139 3808 1244 3874 solum

143 3885 175 3944 iu
199 3907 272 3946 eum
291 3897 415 3950 tantum
440 3914 574 3989 pagum,
604 3891 659 3951 ubi
686 3890 854 3972 consistit,
880 3893 976 3952 liceat
992 3892 1150 3986 persequi
1179 3911 1244 3953 crie-

141 3967 312 4028 uiinosum:
343 3974 400 4032 sed
425 3975 508 4037 sicut
530 3974 650 4034 utilitas
672 3983 725 4033 aut
752 3974 829 4040 fides
849 3973 1103 4069 uniuscuiusque
1126 3970 1246 4042 babue-

141 4050 200 4127 rit,
236 4047 348 4110 etiam
350 4075 410 4134 per
435 4057 497 4116 alia
518 4057 588 4119 loca
617 4057 657 4117 ad
678 4077 736 4118 uos
751 4056 970 4140 pertinentia
1004 4078 1069 4117 non
1095 4055 1245 4116 dubitent
1313 4087 1315 4092 ·

209 4247 284 4322 alil.
295 4267 357 4308 mss.
373 4251 507 4309 libertam.
533 4231 629 4328 fjliic
648 4251 789 4309 titulusita
806 4249 914 4309 duobus
925 4249 1010 4306 Codd.
1024 4249 1248 4312 casanatensi..
