<?xml version="1.0" encoding="UTF-8"?>
<!DOCTYPE html PUBLIC "-//W3C//DTD XHTML 1.0 Transitional//EN"
    "http://www.w3.org/TR/xhtml1/DTD/xhtml1-transitional.dtd">
<html xmlns="http://www.w3.org/1999/xhtml" xml:lang="en" lang="en">
 <head>
  <title>
</title>
<meta http-equiv="Content-Type" content="text/html;charset=utf-8" />
  <meta name='ocr-system' content='tesseract 3.04.00' />
  <meta name='ocr-capabilities' content='ocr_page ocr_carea ocr_par ocr_line ocrx_word'/>
</head>
<body>
  <div class='ocr_page' id='page_1' title='image "./corpusiurisgerm02visigoog/corpusiurisgerm02visigoog_0431.png"; bbox 0 0 2900 5020; ppageno 0'>
   <div class='ocr_carea' id='block_1_1' title="bbox 149 247 967 324">
    <p class='ocr_par' dir='ltr' id='par_1_1' title="bbox 149 247 967 324">
     <span class='ocr_line' id='line_1_1' title="bbox 149 247 967 324; baseline 0.001 -2"><span class='ocrx_word' id='word_1_1' title='bbox 149 247 226 324; x_wconf 75' lang='lat'><strong>412</strong></span> <span class='ocrx_word' id='word_1_2' title='bbox 428 263 967 323; x_wconf 76' lang='lat' dir='ltr'><strong>asserturusonsaiciaasrs·</strong></span> 
     </span>
    </p>
   </div>
   <div class='ocr_carea' id='block_1_2' title="bbox 142 402 1278 1300">
    <p class='ocr_par' dir='ltr' id='par_1_2' title="bbox 142 402 1278 1300">
     <span class='ocr_line' id='line_1_2' title="bbox 231 402 1266 498; baseline 0.012 -33"><span class='ocrx_word' id='word_1_3' title='bbox 231 404 360 468; x_wconf 75' lang='lat' dir='ltr'><strong>extu.</strong></span> <span class='ocrx_word' id='word_1_4' title='bbox 402 402 514 465; x_wconf 89' lang='lat' dir='ltr'><strong>Liceat</strong></span> <span class='ocrx_word' id='word_1_5' title='bbox 541 405 721 487; x_wconf 91' lang='lat' dir='ltr'><strong>unicuique</strong></span> <span class='ocrx_word' id='word_1_6' title='bbox 750 405 882 466; x_wconf 88' lang='lat' dir='ltr'><strong>domino</strong></span> <span class='ocrx_word' id='word_1_7' title='bbox 909 428 951 469; x_wconf 84' lang='lat' dir='ltr'><strong>ex</strong></span> <span class='ocrx_word' id='word_1_8' title='bbox 981 407 1144 491; x_wconf 86' lang='lat' dir='ltr'><strong>praediis,</strong></span> <span class='ocrx_word' id='word_1_9' title='bbox 1178 436 1266 498; x_wconf 81' lang='lat' dir='ltr'><strong>quae</strong></span> 
     </span>
     <span class='ocr_line' id='line_1_3' title="bbox 148 488 1263 575; baseline 0.006 -25"><span class='ocrx_word' id='word_1_10' title='bbox 148 491 360 571; x_wconf 80' lang='lat' dir='ltr'><strong>corporaliter</strong></span> <span class='ocrx_word' id='word_1_11' title='bbox 376 496 408 548; x_wconf 87' lang='lat' dir='ltr'><strong>et</strong></span> <span class='ocrx_word' id='word_1_12' title='bbox 425 488 571 569; x_wconf 82' lang='lat' dir='ltr'><strong>legitimo</strong></span> <span class='ocrx_word' id='word_1_13' title='bbox 590 489 658 549; x_wconf 89' lang='lat' dir='ltr'><strong>iure</strong></span> <span class='ocrx_word' id='word_1_14' title='bbox 676 489 826 571; x_wconf 86' lang='lat' dir='ltr'><strong>possidet,</strong></span> <span class='ocrx_word' id='word_1_15' title='bbox 848 491 967 551; x_wconf 87' lang='lat' dir='ltr'><strong>rustica</strong></span> <span class='ocrx_word' id='word_1_16' title='bbox 979 493 1148 575; x_wconf 89' lang='lat' dir='ltr'><strong>utriusque</strong></span> <span class='ocrx_word' id='word_1_17' title='bbox 1160 505 1263 562; x_wconf 71' lang='lat' dir='ltr'><strong>‘sexus</strong></span> 
     </span>
     <span class='ocr_line' id='line_1_4' title="bbox 147 569 1263 656; baseline 0.01 -22"><span class='ocrx_word' id='word_1_18' title='bbox 147 572 328 656; x_wconf 80' lang='lat' dir='ltr'><strong>niancipia,</strong></span> <span class='ocrx_word' id='word_1_19' title='bbox 362 569 485 630; x_wconf 89' lang='lat' dir='ltr'><strong>etiamsi</strong></span> <span class='ocrx_word' id='word_1_20' title='bbox 511 571 682 652; x_wconf 87' lang='lat' dir='ltr'><strong>originaria</strong></span> <span class='ocrx_word' id='word_1_21' title='bbox 705 573 785 646; x_wconf 86' lang='lat' dir='ltr'><strong>sint,</strong></span> <span class='ocrx_word' id='word_1_22' title='bbox 817 573 857 633; x_wconf 90' lang='lat' dir='ltr'><strong>ad</strong></span> <span class='ocrx_word' id='word_1_23' title='bbox 884 573 965 634; x_wconf 90' lang='lat' dir='ltr'><strong>iuris</strong></span> <span class='ocrx_word' id='word_1_24' title='bbox 990 575 1041 636; x_wconf 91' lang='lat' dir='ltr'><strong>sui</strong></span> <span class='ocrx_word' id='word_1_25' title='bbox 1066 577 1136 638; x_wconf 90' lang='lat' dir='ltr'><strong>loca</strong></span> <span class='ocrx_word' id='word_1_26' title='bbox 1161 591 1263 645; x_wconf 89' lang='lat' dir='ltr'><strong>trans·</strong></span> 
     </span>
     <span class='ocr_line' id='line_1_5' title="bbox 145 652 1263 744; baseline 0.005 -26"><span class='ocrx_word' id='word_1_27' title='bbox 145 662 258 732; x_wconf 86' lang='lat' dir='ltr'><strong>ferre,</strong></span> <span class='ocrx_word' id='word_1_28' title='bbox 281 655 333 716; x_wconf 87' lang='lat' dir='ltr'><strong>vel</strong></span> <span class='ocrx_word' id='word_1_29' title='bbox 356 652 486 714; x_wconf 87' lang='lat' dir='ltr'><strong>urbanis</strong></span> <span class='ocrx_word' id='word_1_30' title='bbox 508 655 693 716; x_wconf 89' lang='lat' dir='ltr'><strong>ministeriis</strong></span> <span class='ocrx_word' id='word_1_31' title='bbox 713 656 886 736; x_wconf 88' lang='lat' dir='ltr'><strong>adplicare,</strong></span> <span class='ocrx_word' id='word_1_32' title='bbox 909 655 1006 717; x_wconf 77' lang='lat' dir='ltr'><strong>ita&#39;ut</strong></span> <span class='ocrx_word' id='word_1_33' title='bbox 1027 668 1059 719; x_wconf 89' lang='lat' dir='ltr'><strong>et</strong></span> <span class='ocrx_word' id='word_1_34' title='bbox 1082 660 1149 722; x_wconf 88' lang='lat' dir='ltr'><strong>illis</strong></span> <span class='ocrx_word' id='word_1_35' title='bbox 1172 683 1263 744; x_wconf 89' lang='lat' dir='ltr'><strong>prae·</strong></span> 
     </span>
     <span class='ocr_line' id='line_1_6' title="bbox 147 737 1260 823; baseline 0.007 -21"><span class='ocrx_word' id='word_1_36' title='bbox 147 741 208 802; x_wconf 92' lang='lat' dir='ltr'><strong>diis</strong></span> <span class='ocrx_word' id='word_1_37' title='bbox 232 737 461 818; x_wconf 84' lang='lat' dir='ltr'><strong>adquiruntur,</strong></span> <span class='ocrx_word' id='word_1_38' title='bbox 488 737 528 796; x_wconf 90' lang='lat' dir='ltr'><strong>ad</strong></span> <span class='ocrx_word' id='word_1_39' title='bbox 559 757 641 817; x_wconf 89' lang='lat' dir='ltr'><strong>quae</strong></span> <span class='ocrx_word' id='word_1_40' title='bbox 661 739 828 798; x_wconf 87' lang='lat' dir='ltr'><strong>voluntate</strong></span> <span class='ocrx_word' id='word_1_41' title='bbox 861 739 983 799; x_wconf 91' lang='lat' dir='ltr'><strong>domini</strong></span> <span class='ocrx_word' id='word_1_42' title='bbox 1005 741 1139 823; x_wconf 88' lang='lat' dir='ltr'><strong>migrata</strong></span> <span class='ocrx_word' id='word_1_43' title='bbox 1159 747 1260 810; x_wconf 87' lang='lat' dir='ltr'><strong>fuisse</strong></span> 
     </span>
     <span class='ocr_line' id='line_1_7' title="bbox 146 817 1261 897; baseline 0.004 -13"><span class='ocrx_word' id='word_1_44' title='bbox 146 821 339 897; x_wconf 89' lang='lat' dir='ltr'><strong>constiterit,</strong></span> <span class='ocrx_word' id='word_1_45' title='bbox 363 829 394 879; x_wconf 88' lang='lat' dir='ltr'><strong>et</strong></span> <span class='ocrx_word' id='word_1_46' title='bbox 411 817 496 878; x_wconf 90' lang='lat' dir='ltr'><strong>inter</strong></span> <span class='ocrx_word' id='word_1_47' title='bbox 516 819 655 880; x_wconf 90' lang='lat' dir='ltr'><strong>urbanos</strong></span> <span class='ocrx_word' id='word_1_48' title='bbox 672 821 808 882; x_wconf 89' lang='lat' dir='ltr'><strong>famulos</strong></span> <span class='ocrx_word' id='word_1_49' title='bbox 828 821 944 882; x_wconf 89' lang='lat' dir='ltr'><strong>merito</strong></span> <span class='ocrx_word' id='word_1_50' title='bbox 967 835 1176 890; x_wconf 79' lang='lat' dir='ltr'><strong>censeantur:</strong></span> <span class='ocrx_word' id='word_1_51' title='bbox 1198 851 1261 892; x_wconf 88' lang='lat' dir='ltr'><strong>nec</strong></span> 
     </span>
     <span class='ocr_line' id='line_1_8' title="bbox 146 900 1261 992; baseline 0.006 -27"><span class='ocrx_word' id='word_1_52' title='bbox 146 905 186 966; x_wconf 91' lang='lat' dir='ltr'><strong>de</strong></span> <span class='ocrx_word' id='word_1_53' title='bbox 209 902 366 966; x_wconf 90' lang='lat' dir='ltr'><strong>eiusmodi</strong></span> <span class='ocrx_word' id='word_1_54' title='bbox 388 900 481 961; x_wconf 85' lang='lat' dir='ltr'><strong>factis</strong></span> <span class='ocrx_word' id='word_1_55' title='bbox 502 912 595 982; x_wconf 88' lang='lat' dir='ltr'><strong>atque</strong></span> <span class='ocrx_word' id='word_1_56' title='bbox 619 903 897 982; x_wconf 76' lang='lat' dir='ltr'><strong>ordinationibus,</strong></span> <span class='ocrx_word' id='word_1_57' title='bbox 929 906 1019 966; x_wconf 82' lang='lat' dir='ltr'><strong>velut</strong></span> <span class='ocrx_word' id='word_1_58' title='bbox 1042 907 1102 967; x_wconf 90' lang='lat' dir='ltr'><strong>sub</strong></span> <span class='ocrx_word' id='word_1_59' title='bbox 1127 913 1261 992; x_wconf 89' lang='lat' dir='ltr'><strong>opposi-</strong></span> 
     </span>
     <span class='ocr_line' id='line_1_9' title="bbox 144 983 1266 1067; baseline 0.007 -20"><span class='ocrx_word' id='word_1_60' title='bbox 144 989 234 1047; x_wconf 80' lang='lat' dir='ltr'><strong>tione</strong></span> <span class='ocrx_word' id='word_1_61' title='bbox 260 984 412 1067; x_wconf 87' lang='lat' dir='ltr'><strong>uriginis,</strong></span> <span class='ocrx_word' id='word_1_62' title='bbox 435 985 580 1064; x_wconf 82' lang='lat' dir='ltr'><strong>quaestio</strong></span> <span class='ocrx_word' id='word_1_63' title='bbox 604 983 671 1044; x_wconf 90' lang='lat' dir='ltr'><strong>nlla</strong></span> <span class='ocrx_word' id='word_1_64' title='bbox 694 997 852 1047; x_wconf 84' lang='lat' dir='ltr'><strong>nascatur.</strong></span> <span class='ocrx_word' id='word_1_65' title='bbox 903 987 1054 1049; x_wconf 82' lang='lat' dir='ltr'><strong>Alienare</strong></span> <span class='ocrx_word' id='word_1_66' title='bbox 1079 991 1174 1052; x_wconf 87' lang='lat' dir='ltr'><strong>etiam</strong></span> <span class='ocrx_word' id='word_1_67' title='bbox 1201 1017 1266 1055; x_wconf 70' lang='lat' dir='ltr'><strong>su·</strong></span> 
     </span>
     <span class='ocr_line' id='line_1_10' title="bbox 143 1066 1258 1156; baseline 0.007 -27"><span class='ocrx_word' id='word_1_68' title='bbox 143 1069 307 1154; x_wconf 79' lang='lat' dir='ltr'><strong>predictae</strong></span> <span class='ocrx_word' id='word_1_69' title='bbox 333 1066 531 1127; x_wconf 86' lang='lat' dir='ltr'><strong>conditionis</strong></span> <span class='ocrx_word' id='word_1_70' title='bbox 555 1066 703 1128; x_wconf 90' lang='lat' dir='ltr'><strong>homines</strong></span> <span class='ocrx_word' id='word_1_71' title='bbox 726 1069 824 1129; x_wconf 88' lang='lat' dir='ltr'><strong>liceat</strong></span> <span class='ocrx_word' id='word_1_72' title='bbox 848 1068 1008 1148; x_wconf 88' lang='lat' dir='ltr'><strong>dominis,</strong></span> <span class='ocrx_word' id='word_1_73' title='bbox 1041 1073 1162 1156; x_wconf 87' lang='lat' dir='ltr'><strong>absque</strong></span> <span class='ocrx_word' id='word_1_74' title='bbox 1189 1085 1258 1137; x_wconf 90' lang='lat' dir='ltr'><strong>ter-</strong></span> 
     </span>
     <span class='ocr_line' id='line_1_11' title="bbox 142 1147 1278 1238; baseline 0.008 -25"><span class='ocrx_word' id='word_1_75' title='bbox 142 1174 197 1213; x_wconf 87' lang='lat' dir='ltr'><strong>rae</strong></span> <span class='ocrx_word' id='word_1_76' title='bbox 218 1153 327 1233; x_wconf 89' lang='lat' dir='ltr'><strong>aliqua</strong></span> <span class='ocrx_word' id='word_1_77' title='bbox 349 1149 508 1231; x_wconf 86' lang='lat' dir='ltr'><strong>portione,</strong></span> <span class='ocrx_word' id='word_1_78' title='bbox 530 1147 590 1209; x_wconf 84' lang='lat' dir='ltr'><strong>srib</strong></span> <span class='ocrx_word' id='word_1_79' title='bbox 613 1151 790 1232; x_wconf 83' lang='lat' dir='ltr'><strong>scripturae</strong></span> <span class='ocrx_word' id='word_1_80' title='bbox 812 1151 1035 1234; x_wconf 88' lang='lat' dir='ltr'><strong>adtestatione,</strong></span> <span class='ocrx_word' id='word_1_81' title='bbox 1056 1156 1108 1218; x_wconf 85' lang='lat' dir='ltr'><strong>vel</strong></span> <span class='ocrx_word' id='word_1_82' title='bbox 1129 1159 1278 1238; x_wconf 55' lang='lat' dir='ltr'><strong>cedere,</strong></span> 
     </span>
     <span class='ocr_line' id='line_1_12' title="bbox 143 1223 1145 1300; baseline -0.002 -2"><span class='ocrx_word' id='word_1_83' title='bbox 143 1235 197 1298; x_wconf 78' lang='lat' dir='ltr'><strong>rel</strong></span> <span class='ocrx_word' id='word_1_84' title='bbox 218 1235 361 1294; x_wconf 82' lang='lat' dir='ltr'><strong>vendere</strong></span> <span class='ocrx_word' id='word_1_85' title='bbox 386 1231 439 1293; x_wconf 91' lang='lat' dir='ltr'><strong>cui</strong></span> <span class='ocrx_word' id='word_1_86' title='bbox 461 1231 594 1293; x_wconf 86' lang='lat' dir='ltr'><strong>libuerit</strong></span> <span class='ocrx_word' id='word_1_87' title='bbox 614 1234 668 1295; x_wconf 83' lang='lat' dir='ltr'><strong>vel</strong></span> <span class='ocrx_word' id='word_1_88' title='bbox 690 1223 822 1300; x_wconf 88' lang='lat' dir='ltr'><strong>donare.</strong></span> <span class='ocrx_word' id='word_1_89' title='bbox 1136 1235 1145 1243; x_wconf 81' lang='grc'><strong>’</strong></span> 
     </span>
    </p>
   </div>
   <div class='ocr_carea' id='block_1_3' title="bbox 136 1341 1285 2730">
    <p class='ocr_par' dir='ltr' id='par_1_3' title="bbox 142 1341 1256 1674">
     <span class='ocr_line' id='line_1_13' title="bbox 225 1341 1256 1427; baseline 0.005 -23"><span class='ocrx_word' id='word_1_90' title='bbox 225 1341 376 1404; x_wconf 84' lang='lat' dir='ltr'><strong>CXLlll.</strong></span> <span class='ocrx_word' id='word_1_91' title='bbox 420 1341 512 1401; x_wconf 90' lang='lat' dir='ltr'><strong>Circa</strong></span> <span class='ocrx_word' id='word_1_92' title='bbox 537 1342 675 1404; x_wconf 88' lang='lat' dir='ltr'><strong>Iudaeos</strong></span> <span class='ocrx_word' id='word_1_93' title='bbox 697 1341 869 1426; x_wconf 87' lang='lat' dir='ltr'><strong>privilegia</strong></span> <span class='ocrx_word' id='word_1_94' title='bbox 896 1341 1022 1427; x_wconf 87' lang='lat' dir='ltr'><strong>legibus</strong></span> <span class='ocrx_word' id='word_1_95' title='bbox 1050 1343 1153 1406; x_wconf 90' lang='lat' dir='ltr'><strong>delata</strong></span> <span class='ocrx_word' id='word_1_96' title='bbox 1184 1368 1256 1408; x_wconf 89' lang='lat' dir='ltr'><strong>ser-</strong></span> 
     </span>
     <span class='ocr_line' id='line_1_14' title="bbox 143 1423 1255 1511; baseline 0.003 -23"><span class='ocrx_word' id='word_1_97' title='bbox 143 1437 283 1488; x_wconf 85' lang='lat' dir='ltr'><strong>ventur:</strong></span> <span class='ocrx_word' id='word_1_98' title='bbox 307 1446 387 1507; x_wconf 92' lang='lat' dir='ltr'><strong>quos</strong></span> <span class='ocrx_word' id='word_1_99' title='bbox 413 1423 499 1483; x_wconf 89' lang='lat' dir='ltr'><strong>inter</strong></span> <span class='ocrx_word' id='word_1_100' title='bbox 521 1447 554 1486; x_wconf 91' lang='lat' dir='ltr'><strong>se</strong></span> <span class='ocrx_word' id='word_1_101' title='bbox 586 1425 769 1507; x_wconf 88' lang='lat' dir='ltr'><strong>iurgantes,</strong></span> <span class='ocrx_word' id='word_1_102' title='bbox 801 1437 833 1486; x_wconf 89' lang='lat' dir='ltr'><strong>et</strong></span> <span class='ocrx_word' id='word_1_103' title='bbox 855 1427 920 1488; x_wconf 90' lang='lat' dir='ltr'><strong>suis</strong></span> <span class='ocrx_word' id='word_1_104' title='bbox 943 1428 1092 1488; x_wconf 84' lang='lat' dir='ltr'><strong>viventes</strong></span> <span class='ocrx_word' id='word_1_105' title='bbox 1118 1429 1255 1511; x_wconf 85' lang='lat' dir='ltr'><strong>legibus,</strong></span> 
     </span>
     <span class='ocr_line' id='line_1_15' title="bbox 142 1506 1254 1591; baseline 0.004 -21"><span class='ocrx_word' id='word_1_106' title='bbox 142 1531 197 1570; x_wconf 83' lang='lat' dir='ltr'><strong>eos</strong></span> <span class='ocrx_word' id='word_1_107' title='bbox 221 1507 344 1568; x_wconf 89' lang='lat' dir='ltr'><strong>indices</strong></span> <span class='ocrx_word' id='word_1_108' title='bbox 371 1506 489 1568; x_wconf 88' lang='lat' dir='ltr'><strong>habere</strong></span> <span class='ocrx_word' id='word_1_109' title='bbox 519 1529 649 1570; x_wconf 82' lang='lat' dir='ltr'><strong>necesse</strong></span> <span class='ocrx_word' id='word_1_110' title='bbox 674 1517 737 1587; x_wconf 88' lang='lat' dir='ltr'><strong>est,</strong></span> <span class='ocrx_word' id='word_1_111' title='bbox 775 1529 855 1591; x_wconf 87' lang='lat' dir='ltr'><strong>quos</strong></span> <span class='ocrx_word' id='word_1_112' title='bbox 885 1509 1004 1571; x_wconf 89' lang='lat' dir='ltr'><strong>habent</strong></span> <span class='ocrx_word' id='word_1_113' title='bbox 1032 1510 1254 1575; x_wconf 84' lang='lat' dir='ltr'><strong>observantiae</strong></span> 
     </span>
     <span class='ocr_line' id='line_1_16' title="bbox 142 1601 1213 1674; baseline -0.002 -23"><span class='ocrx_word' id='word_1_114' title='bbox 142 1601 379 1674; x_wconf 83' lang='lat' dir='ltr'><strong>praeceptores.</strong></span> <span class='ocrx_word' id='word_1_115' title='bbox 427 1639 431 1654; x_wconf 83' lang='lat'><strong>.</strong></span> <span class='ocrx_word' id='word_1_116' title='bbox 1210 1651 1213 1662; x_wconf 72' lang='grc'><strong>,</strong></span> 
     </span>
    </p>

    <p class='ocr_par' dir='ltr' id='par_1_4' title="bbox 136 1671 1285 2730">
     <span class='ocr_line' id='line_1_17' title="bbox 225 1671 1254 1756; baseline 0.004 -22"><span class='ocrx_word' id='word_1_117' title='bbox 225 1671 368 1734; x_wconf 79' lang='lat' dir='ltr'>CXLIV.</span> <span class='ocrx_word' id='word_1_118' title='bbox 411 1673 609 1755; x_wconf 83' lang='lat' dir='ltr'><strong>Quicunque</strong></span> <span class='ocrx_word' id='word_1_119' title='bbox 631 1682 832 1756; x_wconf 87' lang='lat' dir='ltr'><strong>susceptores</strong></span> <span class='ocrx_word' id='word_1_120' title='bbox 853 1673 977 1732; x_wconf 90' lang='lat' dir='ltr'><strong>fuerint</strong></span> <span class='ocrx_word' id='word_1_121' title='bbox 998 1675 1154 1736; x_wconf 88' lang='lat' dir='ltr'><strong>fiscalium</strong></span> <span class='ocrx_word' id='word_1_122' title='bbox 1176 1675 1254 1738; x_wconf 91' lang='lat' dir='ltr'><strong>titu-</strong></span> 
     </span>
     <span class='ocr_line' id='line_1_18' title="bbox 140 1753 1253 1841; baseline -0.002 -21"><span class='ocrx_word' id='word_1_123' title='bbox 140 1759 256 1834; x_wconf 91' lang='lat' dir='ltr'><strong>lorum,</strong></span> <span class='ocrx_word' id='word_1_124' title='bbox 269 1756 301 1815; x_wconf 91' lang='lat' dir='ltr'><strong>in</strong></span> <span class='ocrx_word' id='word_1_125' title='bbox 322 1753 505 1818; x_wconf 86' lang='lat' dir='ltr'><strong>emittendis</strong></span> <span class='ocrx_word' id='word_1_126' title='bbox 523 1778 738 1839; x_wconf 90' lang='lat' dir='ltr'><strong>possessorum</strong></span> <span class='ocrx_word' id='word_1_127' title='bbox 755 1756 978 1820; x_wconf 84' lang='lat' dir='ltr'><strong>securitatibus</strong></span> <span class='ocrx_word' id='word_1_128' title='bbox 997 1759 1127 1817; x_wconf 89' lang='lat' dir='ltr'><strong>nomina</strong></span> <span class='ocrx_word' id='word_1_129' title='bbox 1145 1758 1253 1841; x_wconf 89' lang='lat' dir='ltr'><strong>singu·</strong></span> 
     </span>
     <span class='ocr_line' id='line_1_19' title="bbox 139 1839 1256 1923; baseline 0.002 -22"><span class='ocrx_word' id='word_1_130' title='bbox 139 1843 243 1902; x_wconf 86' lang='lat' dir='ltr'><strong>larum</strong></span> <span class='ocrx_word' id='word_1_131' title='bbox 258 1839 501 1922; x_wconf 79' lang='lat' dir='ltr'><strong>posscssionum,</strong></span> <span class='ocrx_word' id='word_1_132' title='bbox 519 1839 750 1921; x_wconf 90' lang='lat' dir='ltr'><strong>professionem</strong></span> <span class='ocrx_word' id='word_1_133' title='bbox 764 1861 874 1899; x_wconf 89' lang='lat' dir='ltr'><strong>earum</strong></span> <span class='ocrx_word' id='word_1_134' title='bbox 885 1839 1051 1900; x_wconf 88' lang='lat' dir='ltr'><strong>evidenter</strong></span> <span class='ocrx_word' id='word_1_135' title='bbox 1065 1841 1256 1923; x_wconf 64' lang='lat' dir='ltr'><strong>designent&gt;</strong></span> 
     </span>
     <span class='ocr_line' id='line_1_20' title="bbox 139 1915 1251 2006; baseline -0.001 -20"><span class='ocrx_word' id='word_1_136' title='bbox 139 1933 302 2003; x_wconf 83' lang='lat' dir='ltr'><strong>acceptam</strong></span> <span class='ocrx_word' id='word_1_137' title='bbox 330 1915 460 2003; x_wconf 71' lang='lat' dir='ltr'><strong>quoque</strong></span> <span class='ocrx_word' id='word_1_138' title='bbox 492 1945 551 2005; x_wconf 92' lang='lat' dir='ltr'><strong>pro</strong></span> <span class='ocrx_word' id='word_1_139' title='bbox 573 1944 685 1990; x_wconf 78' lang='lat' dir='ltr'><strong>earum</strong></span> <span class='ocrx_word' id='word_1_140' title='bbox 709 1921 877 1982; x_wconf 83' lang='lat' dir='ltr'><strong>functione</strong></span> <span class='ocrx_word' id='word_1_141' title='bbox 905 1933 1068 2003; x_wconf 78' lang='lat' dir='ltr'><strong>exponant</strong></span> <span class='ocrx_word' id='word_1_142' title='bbox 1094 1925 1251 2006; x_wconf 87' lang='lat' dir='ltr'><strong>pecuniae</strong></span> 
     </span>
     <span class='ocr_line' id='line_1_21' title="bbox 137 1998 1253 2089; baseline -0.001 -23"><span class='ocrx_word' id='word_1_143' title='bbox 137 2007 357 2089; x_wconf 75' lang='lat' dir='ltr'><strong>quantitatem,</strong></span> <span class='ocrx_word' id='word_1_144' title='bbox 380 2006 517 2082; x_wconf 85' lang='lat' dir='ltr'><strong>Quodsi</strong></span> <span class='ocrx_word' id='word_1_145' title='bbox 538 1998 656 2086; x_wconf 88' lang='lat' dir='ltr'><strong>aliquis</strong></span> <span class='ocrx_word' id='word_1_146' title='bbox 678 2005 910 2085; x_wconf 81' lang='lat' dir='ltr'><strong>professionem</strong></span> <span class='ocrx_word' id='word_1_147' title='bbox 933 2004 1253 2084; x_wconf 32' lang='lat' dir='ltr'><strong>locorum„nomina</strong></span> 
     </span>
     <span class='ocr_line' id='line_1_22' title="bbox 139 2086 1252 2169; baseline -0.002 -17"><span class='ocrx_word' id='word_1_148' title='bbox 139 2108 358 2168; x_wconf 86' lang='lat' dir='ltr'><strong>summamque</strong></span> <span class='ocrx_word' id='word_1_149' title='bbox 375 2098 543 2169; x_wconf 87' lang='lat' dir='ltr'><strong>perceptae</strong></span> <span class='ocrx_word' id='word_1_150' title='bbox 567 2087 737 2169; x_wconf 88' lang='lat' dir='ltr'><strong>pecuniae,</strong></span> <span class='ocrx_word' id='word_1_151' title='bbox 760 2087 792 2145; x_wconf 92' lang='lat' dir='ltr'><strong>in</strong></span> <span class='ocrx_word' id='word_1_152' title='bbox 817 2086 1044 2148; x_wconf 88' lang='lat' dir='ltr'><strong>securitatibus</strong></span> <span class='ocrx_word' id='word_1_153' title='bbox 1066 2111 1083 2147; x_wconf 93' lang='lat' dir='ltr'><strong>a</strong></span> <span class='ocrx_word' id='word_1_154' title='bbox 1105 2110 1137 2149; x_wconf 90' lang='lat' dir='ltr'><strong>se</strong></span> <span class='ocrx_word' id='word_1_155' title='bbox 1161 2089 1252 2150; x_wconf 87' lang='lat' dir='ltr'><strong>factis</strong></span> 
     </span>
     <span class='ocr_line' id='line_1_23' title="bbox 138 2169 1252 2254; baseline 0 -20"><span class='ocrx_word' id='word_1_156' title='bbox 138 2169 414 2254; x_wconf 88' lang='lat' dir='ltr'><strong>comprehendere</strong></span> <span class='ocrx_word' id='word_1_157' title='bbox 436 2171 517 2230; x_wconf 88' lang='lat' dir='ltr'><strong>forte</strong></span> <span class='ocrx_word' id='word_1_158' title='bbox 546 2170 711 2245; x_wconf 87' lang='lat' dir='ltr'><strong>noluerit,</strong></span> <span class='ocrx_word' id='word_1_159' title='bbox 740 2176 772 2229; x_wconf 88' lang='lat' dir='ltr'><strong>et</strong></span> <span class='ocrx_word' id='word_1_160' title='bbox 790 2169 887 2230; x_wconf 87' lang='lat' dir='ltr'><strong>huius</strong></span> <span class='ocrx_word' id='word_1_161' title='bbox 910 2170 1023 2250; x_wconf 89' lang='lat' dir='ltr'><strong>culpae</strong></span> <span class='ocrx_word' id='word_1_162' title='bbox 1047 2193 1121 2232; x_wconf 90' lang='lat' dir='ltr'><strong>reus</strong></span> <span class='ocrx_word' id='word_1_163' title='bbox 1141 2171 1174 2231; x_wconf 92' lang='lat' dir='ltr'><strong>in</strong></span> <span class='ocrx_word' id='word_1_164' title='bbox 1198 2173 1252 2234; x_wconf 88' lang='lat' dir='ltr'><strong>iu-</strong></span> 
     </span>
     <span class='ocr_line' id='line_1_24' title="bbox 138 2251 1251 2338; baseline -0.004 -20"><span class='ocrx_word' id='word_1_165' title='bbox 138 2257 225 2318; x_wconf 90' lang='lat' dir='ltr'><strong>dicio</strong></span> <span class='ocrx_word' id='word_1_166' title='bbox 247 2253 346 2313; x_wconf 90' lang='lat' dir='ltr'><strong>fuerit</strong></span> <span class='ocrx_word' id='word_1_167' title='bbox 366 2251 580 2333; x_wconf 87' lang='lat' dir='ltr'><strong>adprobatus,</strong></span> <span class='ocrx_word' id='word_1_168' title='bbox 603 2252 820 2334; x_wconf 87' lang='lat' dir='ltr'><strong>quadruplum</strong></span> <span class='ocrx_word' id='word_1_169' title='bbox 853 2253 921 2314; x_wconf 87' lang='lat' dir='ltr'><strong>eius</strong></span> <span class='ocrx_word' id='word_1_170' title='bbox 950 2254 1126 2333; x_wconf 88' lang='lat' dir='ltr'><strong>pecuniae,</strong></span> <span class='ocrx_word' id='word_1_171' title='bbox 1153 2277 1251 2338; x_wconf 89' lang='lat' dir='ltr'><strong>quam</strong></span> 
     </span>
     <span class='ocr_line' id='line_1_25' title="bbox 137 2335 1250 2420; baseline 0.002 -23"><span class='ocrx_word' id='word_1_172' title='bbox 137 2357 299 2420; x_wconf 88' lang='lat' dir='ltr'><strong>possessor</strong></span> <span class='ocrx_word' id='word_1_173' title='bbox 326 2356 359 2396; x_wconf 90' lang='lat' dir='ltr'><strong>se</strong></span> <span class='ocrx_word' id='word_1_174' title='bbox 389 2335 513 2396; x_wconf 88' lang='lat' dir='ltr'><strong>dedisse</strong></span> <span class='ocrx_word' id='word_1_175' title='bbox 541 2335 749 2418; x_wconf 74' lang='lat' dir='ltr'><strong>probaverit,</strong></span> <span class='ocrx_word' id='word_1_176' title='bbox 784 2335 890 2396; x_wconf 91' lang='lat' dir='ltr'><strong>eidem</strong></span> <span class='ocrx_word' id='word_1_177' title='bbox 915 2345 1048 2416; x_wconf 84' lang='lat' dir='ltr'><strong>cogatur</strong></span> <span class='ocrx_word' id='word_1_178' title='bbox 1073 2341 1250 2399; x_wconf 83' lang='lat' dir='ltr'><strong>exsolvere.</strong></span> 
     </span>
     <span class='ocr_line' id='line_1_26' title="bbox 138 2417 1285 2500; baseline -0.001 -19"><span class='ocrx_word' id='word_1_179' title='bbox 138 2419 235 2500; x_wconf 87' lang='lat' dir='ltr'><strong>Quod</strong></span> <span class='ocrx_word' id='word_1_180' title='bbox 258 2419 352 2480; x_wconf 87' lang='lat' dir='ltr'><strong>etiam</strong></span> <span class='ocrx_word' id='word_1_181' title='bbox 373 2417 458 2478; x_wconf 88' lang='lat' dir='ltr'><strong>circa</strong></span> <span class='ocrx_word' id='word_1_182' title='bbox 484 2418 695 2479; x_wconf 88' lang='lat' dir='ltr'><strong>discussorem</strong></span> <span class='ocrx_word' id='word_1_183' title='bbox 726 2417 876 2478; x_wconf 86' lang='lat' dir='ltr'><strong>similiter</strong></span> <span class='ocrx_word' id='word_1_184' title='bbox 894 2419 1050 2479; x_wconf 84' lang='lat' dir='ltr'><strong>convenit</strong></span> <span class='ocrx_word' id='word_1_185' title='bbox 1076 2420 1248 2497; x_wconf 89' lang='lat' dir='ltr'><strong>custodire,</strong></span> <span class='ocrx_word' id='word_1_186' title='bbox 1283 2487 1285 2492; x_wconf 51' lang='grc'>,</span> 
     </span>
     <span class='ocr_line' id='line_1_27' title="bbox 137 2499 1250 2583; baseline 0.001 -19"><span class='ocrx_word' id='word_1_187' title='bbox 137 2506 162 2564; x_wconf 90' lang='lat' dir='ltr'><strong>si</strong></span> <span class='ocrx_word' id='word_1_188' title='bbox 185 2505 223 2562; x_wconf 91' lang='lat' dir='ltr'><strong>de</strong></span> <span class='ocrx_word' id='word_1_189' title='bbox 246 2501 363 2583; x_wconf 91' lang='lat' dir='ltr'><strong>quibus</strong></span> <span class='ocrx_word' id='word_1_190' title='bbox 387 2499 490 2562; x_wconf 89' lang='lat' dir='ltr'><strong>titulis</strong></span> <span class='ocrx_word' id='word_1_191' title='bbox 509 2501 652 2583; x_wconf 88' lang='lat' dir='ltr'><strong>reliquas</strong></span> <span class='ocrx_word' id='word_1_192' title='bbox 675 2522 814 2562; x_wconf 88' lang='lat' dir='ltr'><strong>summas</strong></span> <span class='ocrx_word' id='word_1_193' title='bbox 841 2522 858 2560; x_wconf 91' lang='lat' dir='ltr'><strong>a</strong></span> <span class='ocrx_word' id='word_1_194' title='bbox 881 2503 1176 2583; x_wconf 85' lang='lat' dir='ltr'><strong>praesumptdribus</strong></span> <span class='ocrx_word' id='word_1_195' title='bbox 1196 2505 1250 2565; x_wconf 81' lang='lat' dir='ltr'><strong>vel</strong></span> 
     </span>
     <span class='ocr_line' id='line_1_28' title="bbox 136 2583 1254 2670; baseline -0.002 -22"><span class='ocrx_word' id='word_1_196' title='bbox 136 2584 390 2667; x_wconf 88' lang='lat' dir='ltr'><strong>reliquatoribus</strong></span> <span class='ocrx_word' id='word_1_197' title='bbox 413 2583 606 2666; x_wconf 83' lang='lat' dir='ltr'><strong>exegerint,</strong></span> <span class='ocrx_word' id='word_1_198' title='bbox 638 2583 672 2643; x_wconf 88' lang='lat' dir='ltr'><strong>in</strong></span> <span class='ocrx_word' id='word_1_199' title='bbox 695 2583 919 2647; x_wconf 87' lang='lat' dir='ltr'><strong>securitatibus</strong></span> <span class='ocrx_word' id='word_1_200' title='bbox 942 2583 1127 2648; x_wconf 90' lang='lat' dir='ltr'><strong>emittendis</strong></span> <span class='ocrx_word' id='word_1_201' title='bbox 1148 2587 1254 2670; x_wconf 89' lang='lat' dir='ltr'><strong>signa·</strong></span> 
     </span>
     <span class='ocr_line' id='line_1_29' title="bbox 139 2668 364 2730; baseline -0.009 0"><span class='ocrx_word' id='word_1_202' title='bbox 139 2689 176 2730; x_wconf 86' lang='lat' dir='ltr'><strong>re</strong></span> <span class='ocrx_word' id='word_1_203' title='bbox 200 2668 364 2728; x_wconf 83' lang='lat' dir='ltr'><strong>noluerint</strong></span> 
     </span>
    </p>
   </div>
   <div class='ocr_carea' id='block_1_4' title="bbox 137 2767 1254 3674">
    <p class='ocr_par' dir='ltr' id='par_1_5' title="bbox 137 2767 1254 3610">
     <span class='ocr_line' id='line_1_30' title="bbox 222 2767 1252 2864; baseline 0.003 -21"><span class='ocrx_word' id='word_1_204' title='bbox 222 2783 343 2847; x_wconf 89' lang='lat' dir='ltr'>CXLV.</span> <span class='ocrx_word' id='word_1_205' title='bbox 385 2781 419 2841; x_wconf 90' lang='lat' dir='ltr'><strong>Si</strong></span> <span class='ocrx_word' id='word_1_206' title='bbox 441 2782 513 2864; x_wconf 90' lang='lat' dir='ltr'><strong>quis</strong></span> <span class='ocrx_word' id='word_1_207' title='bbox 537 2767 749 2843; x_wconf 65' lang='lat' dir='ltr'><strong>Barba&#39;rorum</strong></span> <span class='ocrx_word' id='word_1_208' title='bbox 770 2780 867 2846; x_wconf 87' lang='lat' dir='ltr'><strong>tertio</strong></span> <span class='ocrx_word' id='word_1_209' title='bbox 895 2782 1108 2864; x_wconf 84' lang='lat' dir='ltr'><strong>competentis</strong></span> <span class='ocrx_word' id='word_1_210' title='bbox 1136 2781 1252 2846; x_wconf 89' lang='lat' dir='ltr'><strong>iudicis</strong></span> 
     </span>
     <span class='ocr_line' id='line_1_31' title="bbox 138 2864 1252 2944; baseline 0.002 -18"><span class='ocrx_word' id='word_1_211' title='bbox 138 2866 329 2927; x_wconf 88' lang='lat' dir='ltr'><strong>auctoritate</strong></span> <span class='ocrx_word' id='word_1_212' title='bbox 361 2875 573 2943; x_wconf 85' lang='lat' dir='ltr'><strong>conventus,</strong></span> <span class='ocrx_word' id='word_1_213' title='bbox 618 2874 651 2926; x_wconf 88' lang='lat' dir='ltr'><strong>et</strong></span> <span class='ocrx_word' id='word_1_214' title='bbox 677 2865 792 2926; x_wconf 89' lang='lat' dir='ltr'><strong>edictis</strong></span> <span class='ocrx_word' id='word_1_215' title='bbox 819 2864 1007 2926; x_wconf 87' lang='lat' dir='ltr'><strong>solemniter</strong></span> <span class='ocrx_word' id='word_1_216' title='bbox 1040 2867 1252 2944; x_wconf 80' lang='lat' dir='ltr'><strong>inclamatus,</strong></span> 
     </span>
     <span class='ocr_line' id='line_1_32' title="bbox 137 2947 1251 3030; baseline 0 -22"><span class='ocrx_word' id='word_1_217' title='bbox 137 2949 178 3008; x_wconf 91' lang='lat' dir='ltr'><strong>ad</strong></span> <span class='ocrx_word' id='word_1_218' title='bbox 197 2948 361 3026; x_wconf 88' lang='lat' dir='ltr'><strong>iudicem,</strong></span> <span class='ocrx_word' id='word_1_219' title='bbox 392 2948 483 3008; x_wconf 91' lang='lat' dir='ltr'><strong>cuius</strong></span> <span class='ocrx_word' id='word_1_220' title='bbox 505 2947 731 3030; x_wconf 84' lang='lat' dir='ltr'><strong>praeceptione</strong></span> <span class='ocrx_word' id='word_1_221' title='bbox 753 2957 931 3009; x_wconf 80' lang='lat' dir='ltr'><strong>conventus</strong></span> <span class='ocrx_word' id='word_1_222' title='bbox 955 2957 1024 3025; x_wconf 90' lang='lat' dir='ltr'><strong>est,</strong></span> <span class='ocrx_word' id='word_1_223' title='bbox 1048 2950 1159 3010; x_wconf 86' lang='lat' dir='ltr'><strong>venire</strong></span> <span class='ocrx_word' id='word_1_224' title='bbox 1191 2970 1251 3008; x_wconf 91' lang='lat' dir='ltr'><strong>ne·</strong></span> 
     </span>
     <span class='ocr_line' id='line_1_33' title="bbox 138 3030 1252 3114; baseline -0.001 -24"><span class='ocrx_word' id='word_1_225' title='bbox 138 3032 295 3114; x_wconf 79' lang='lat' dir='ltr'><strong>glexerit,</strong></span> <span class='ocrx_word' id='word_1_226' title='bbox 318 3031 433 3092; x_wconf 89' lang='lat' dir='ltr'><strong>merito</strong></span> <span class='ocrx_word' id='word_1_227' title='bbox 454 3031 512 3092; x_wconf 92' lang='lat' dir='ltr'><strong>sub</strong></span> <span class='ocrx_word' id='word_1_228' title='bbox 534 3030 731 3092; x_wconf 90' lang='lat' dir='ltr'><strong>discussione</strong></span> <span class='ocrx_word' id='word_1_229' title='bbox 750 3051 876 3092; x_wconf 87' lang='lat' dir='ltr'><strong>caussae</strong></span> <span class='ocrx_word' id='word_1_230' title='bbox 902 3031 1095 3091; x_wconf 87' lang='lat' dir='ltr'><strong>seutentiam</strong></span> <span class='ocrx_word' id='word_1_231' title='bbox 1112 3030 1252 3113; x_wconf 82' lang='lat' dir='ltr'><strong>excipiet</strong></span> 
     </span>
     <span class='ocr_line' id='line_1_34' title="bbox 138 3111 1252 3194; baseline -0.005 -18"><span class='ocrx_word' id='word_1_232' title='bbox 138 3114 380 3191; x_wconf 89' lang='lat' dir='ltr'><strong>contumaciae,</strong></span> <span class='ocrx_word' id='word_1_233' title='bbox 410 3115 490 3174; x_wconf 85' lang='lat' dir='ltr'><strong>adeo</strong></span> <span class='ocrx_word' id='word_1_234' title='bbox 523 3122 560 3173; x_wconf 92' lang='lat' dir='ltr'><strong>ut</strong></span> <span class='ocrx_word' id='word_1_235' title='bbox 590 3113 775 3188; x_wconf 88' lang='lat' dir='ltr'><strong>iudicetur,</strong></span> <span class='ocrx_word' id='word_1_236' title='bbox 807 3111 847 3173; x_wconf 95' lang='lat' dir='ltr'><strong>de</strong></span> <span class='ocrx_word' id='word_1_237' title='bbox 880 3133 946 3194; x_wconf 90' lang='lat' dir='ltr'><strong>quo</strong></span> <span class='ocrx_word' id='word_1_238' title='bbox 976 3123 1157 3173; x_wconf 84' lang='lat' dir='ltr'><strong>conventus</strong></span> <span class='ocrx_word' id='word_1_239' title='bbox 1186 3120 1252 3191; x_wconf 90' lang='lat' dir='ltr'><strong>est,</strong></span> 
     </span>
     <span class='ocr_line' id='line_1_35' title="bbox 137 3194 1253 3280; baseline -0.003 -23"><span class='ocrx_word' id='word_1_240' title='bbox 137 3198 317 3280; x_wconf 87' lang='lat' dir='ltr'><strong>perdidisse</strong></span> <span class='ocrx_word' id='word_1_241' title='bbox 344 3196 532 3279; x_wconf 84' lang='lat' dir='ltr'><strong>negotium:</strong></span> <span class='ocrx_word' id='word_1_242' title='bbox 562 3194 735 3256; x_wconf 90' lang='lat' dir='ltr'><strong>dummodo</strong></span> <span class='ocrx_word' id='word_1_243' title='bbox 756 3195 852 3256; x_wconf 91' lang='lat' dir='ltr'><strong>tertio</strong></span> <span class='ocrx_word' id='word_1_244' title='bbox 877 3195 1056 3276; x_wconf 89' lang='lat' dir='ltr'><strong>quemlibet</strong></span> <span class='ocrx_word' id='word_1_245' title='bbox 1082 3195 1253 3276; x_wconf 84' lang='lat' dir='ltr'><strong>capillato·</strong></span> 
     </span>
     <span class='ocr_line' id='line_1_36' title="bbox 137 3275 1254 3356; baseline -0.004 -16"><span class='ocrx_word' id='word_1_246' title='bbox 137 3301 210 3340; x_wconf 88' lang='lat' dir='ltr'><strong>rum</strong></span> <span class='ocrx_word' id='word_1_247' title='bbox 231 3280 565 3356; x_wconf 85' lang='lat' dir='ltr'><strong>fuisse-conventum,</strong></span> <span class='ocrx_word' id='word_1_248' title='bbox 599 3287 654 3339; x_wconf 89' lang='lat' dir='ltr'><strong>aut</strong></span> <span class='ocrx_word' id='word_1_249' title='bbox 675 3277 835 3339; x_wconf 88' lang='lat' dir='ltr'><strong>cautionis</strong></span> <span class='ocrx_word' id='word_1_250' title='bbox 857 3277 895 3336; x_wconf 90' lang='lat' dir='ltr'><strong>ab</strong></span> <span class='ocrx_word' id='word_1_251' title='bbox 918 3277 1031 3336; x_wconf 89' lang='lat' dir='ltr'><strong>eodem</strong></span> <span class='ocrx_word' id='word_1_252' title='bbox 1055 3277 1185 3338; x_wconf 89' lang='lat' dir='ltr'><strong>emissae</strong></span> <span class='ocrx_word' id='word_1_253' title='bbox 1213 3275 1254 3335; x_wconf 82' lang='lat' dir='ltr'><strong>fi-</strong></span> 
     </span>
     <span class='ocr_line' id='line_1_37' title="bbox 138 3359 1254 3443; baseline -0.002 -21"><span class='ocrx_word' id='word_1_254' title='bbox 138 3363 194 3422; x_wconf 89' lang='lat' dir='ltr'><strong>des</strong></span> <span class='ocrx_word' id='word_1_255' title='bbox 220 3361 384 3438; x_wconf 91' lang='lat' dir='ltr'><strong>ostendat,</strong></span> <span class='ocrx_word' id='word_1_256' title='bbox 408 3371 464 3421; x_wconf 89' lang='lat' dir='ltr'><strong>aut</strong></span> <span class='ocrx_word' id='word_1_257' title='bbox 483 3361 700 3443; x_wconf 88' lang='lat' dir='ltr'><strong>ingenuorum</strong></span> <span class='ocrx_word' id='word_1_258' title='bbox 717 3363 770 3421; x_wconf 80' lang='lat' dir='ltr'><strong>vel</strong></span> <span class='ocrx_word' id='word_1_259' title='bbox 789 3359 999 3420; x_wconf 87' lang='lat' dir='ltr'><strong>honestorum</strong></span> <span class='ocrx_word' id='word_1_260' title='bbox 1023 3359 1154 3420; x_wconf 90' lang='lat' dir='ltr'><strong>testium</strong></span> <span class='ocrx_word' id='word_1_261' title='bbox 1169 3359 1254 3420; x_wconf 85' lang='lat' dir='ltr'><strong>dicta</strong></span> 
     </span>
     <span class='ocr_line' id='line_1_38' title="bbox 139 3442 1250 3524; baseline -0.005 -18"><span class='ocrx_word' id='word_1_262' title='bbox 139 3445 348 3521; x_wconf 86' lang='lat' dir='ltr'><strong>confirment,</strong></span> <span class='ocrx_word' id='word_1_263' title='bbox 371 3444 487 3524; x_wconf 89' lang='lat' dir='ltr'><strong>quibus</strong></span> <span class='ocrx_word' id='word_1_264' title='bbox 515 3443 686 3506; x_wconf 89' lang='lat' dir='ltr'><strong>manifeste</strong></span> <span class='ocrx_word' id='word_1_265' title='bbox 706 3444 844 3519; x_wconf 87' lang='lat' dir='ltr'><strong>clareat,</strong></span> <span class='ocrx_word' id='word_1_266' title='bbox 868 3442 1055 3503; x_wconf 88' lang='lat' dir='ltr'><strong>auctoritate</strong></span> <span class='ocrx_word' id='word_1_267' title='bbox 1079 3443 1250 3522; x_wconf 88' lang='lat' dir='ltr'><strong>pulsatum,</strong></span> 
     </span>
     <span class='ocr_line' id='line_1_39' title="bbox 139 3523 1253 3610; baseline -0.004 -21"><span class='ocrx_word' id='word_1_268' title='bbox 139 3526 346 3594; x_wconf 82' lang='lat' dir='ltr'><strong>contemsisse</strong></span> <span class='ocrx_word' id='word_1_269' title='bbox 376 3527 452 3588; x_wconf 90' lang='lat' dir='ltr'><strong>dare</strong></span> <span class='ocrx_word' id='word_1_270' title='bbox 472 3548 662 3610; x_wconf 86' lang='lat' dir='ltr'><strong>responsum</strong></span> <span class='ocrx_word' id='word_1_271' title='bbox 683 3547 744 3588; x_wconf 92' lang='lat' dir='ltr'><strong>nec</strong></span> <span class='ocrx_word' id='word_1_272' title='bbox 765 3525 906 3589; x_wconf 86' lang='lat' dir='ltr'><strong>voluisse</strong></span> <span class='ocrx_word' id='word_1_273' title='bbox 933 3525 973 3586; x_wconf 92' lang='lat' dir='ltr'><strong>ad</strong></span> <span class='ocrx_word' id='word_1_274' title='bbox 996 3523 1155 3586; x_wconf 86' lang='lat' dir='ltr'><strong>iudicium</strong></span> <span class='ocrx_word' id='word_1_275' title='bbox 1176 3546 1253 3610; x_wconf 84' lang='lat' dir='ltr'><strong>con·</strong></span> 
     </span>
    </p>

    <p class='ocr_par' dir='ltr' id='par_1_6' title="bbox 139 3633 271 3674">
     <span class='ocr_line' id='line_1_40' title="bbox 139 3633 271 3674; baseline -0.023 0"><span class='ocrx_word' id='word_1_276' title='bbox 139 3633 271 3674; x_wconf 79' lang='lat' dir='ltr'><strong>venire.</strong></span> 
     </span>
    </p>
   </div>
   <div class='ocr_carea' id='block_1_5' title="bbox 225 3671 1255 3775">
    <p class='ocr_par' dir='ltr' id='par_1_7' title="bbox 225 3671 1255 3775">
     <span class='ocr_line' id='line_1_41' title="bbox 225 3671 1255 3775; baseline -0.002 -21"><span class='ocrx_word' id='word_1_277' title='bbox 225 3693 364 3754; x_wconf 83' lang='lat' dir='ltr'><strong>CXLVI.</strong></span> <span class='ocrx_word' id='word_1_278' title='bbox 411 3694 461 3753; x_wconf 88' lang='lat' dir='ltr'><strong>De</strong></span> <span class='ocrx_word' id='word_1_279' title='bbox 486 3691 633 3775; x_wconf 82' lang='lat' dir='ltr'><strong>frugibus</strong></span> <span class='ocrx_word' id='word_1_280' title='bbox 665 3671 703 3751; x_wconf 83' lang='lat' dir='ltr'><strong>ali</strong></span> <span class='ocrx_word' id='word_1_281' title='bbox 733 3689 844 3772; x_wconf 90' lang='lat' dir='ltr'><strong>aliquo</strong></span> <span class='ocrx_word' id='word_1_282' title='bbox 878 3711 918 3752; x_wconf 88' lang='lat' dir='ltr'><strong>ex</strong></span> <span class='ocrx_word' id='word_1_283' title='bbox 951 3689 1055 3751; x_wconf 89' lang='lat' dir='ltr'><strong>fundo</strong></span> <span class='ocrx_word' id='word_1_284' title='bbox 1081 3690 1255 3762; x_wconf 80' lang='lat' dir='ltr'><strong>cuiuslibet</strong></span> 
     </span>
    </p>
   </div>
   <div class='ocr_carea' id='block_1_6' title="bbox 36 3773 1393 3856">
    <p class='ocr_par' dir='ltr' id='par_1_8' title="bbox 36 3773 1393 3856">
     <span class='ocr_line' id='line_1_42' title="bbox 36 3773 1393 3856; baseline -0.003 -18"><span class='ocrx_word' id='word_1_285' title='bbox 36 3817 42 3838; x_wconf 85' lang='lat'>.</span> <span class='ocrx_word' id='word_1_286' title='bbox 138 3777 300 3853; x_wconf 87' lang='lat' dir='ltr'><strong>sublatis,</strong></span> <span class='ocrx_word' id='word_1_287' title='bbox 333 3785 398 3836; x_wconf 89' lang='lat' dir='ltr'><strong>tam</strong></span> <span class='ocrx_word' id='word_1_288' title='bbox 418 3775 574 3854; x_wconf 90' lang='lat' dir='ltr'><strong>colonus,</strong></span> <span class='ocrx_word' id='word_1_289' title='bbox 605 3795 701 3856; x_wconf 86' lang='lat' dir='ltr'><strong>quam</strong></span> <span class='ocrx_word' id='word_1_290' title='bbox 729 3773 897 3851; x_wconf 90' lang='lat' dir='ltr'><strong>dominus,</strong></span> <span class='ocrx_word' id='word_1_291' title='bbox 918 3773 996 3856; x_wconf 88' lang='lat' dir='ltr'><strong>quia</strong></span> <span class='ocrx_word' id='word_1_292' title='bbox 1017 3773 1187 3856; x_wconf 88' lang='lat' dir='ltr'><strong>utriusque</strong></span> <span class='ocrx_word' id='word_1_293' title='bbox 1205 3773 1255 3834; x_wconf 89' lang='lat' dir='ltr'><strong>in·</strong></span> <span class='ocrx_word' id='word_1_294' title='bbox 1347 3811 1353 3828; x_wconf 42' lang='lat' dir='ltr'><strong>a</strong></span> <span class='ocrx_word' id='word_1_295' title='bbox 1388 3781 1393 3792; x_wconf 85' lang='lat'><strong>‘</strong></span> 
     </span>
    </p>
   </div>
   <div class='ocr_carea' id='block_1_7' title="bbox 140 3866 522 3941">
    <p class='ocr_par' dir='ltr' id='par_1_9' title="bbox 140 3866 522 3941">
     <span class='ocr_line' id='line_1_43' title="bbox 140 3866 522 3941; baseline -0.013 -20"><span class='ocrx_word' id='word_1_296' title='bbox 140 3870 258 3937; x_wconf 88' lang='lat' dir='ltr'><strong>terest,</strong></span> <span class='ocrx_word' id='word_1_297' title='bbox 283 3879 381 3941; x_wconf 86' lang='lat' dir='ltr'><strong>agere</strong></span> <span class='ocrx_word' id='word_1_298' title='bbox 406 3866 522 3940; x_wconf 88' lang='lat' dir='ltr'><strong>potest.</strong></span> 
     </span>
    </p>
   </div>
   <div class='ocr_carea' id='block_1_8' title="bbox 140 3923 1256 4212">
    <p class='ocr_par' dir='ltr' id='par_1_10' title="bbox 140 3923 1256 4212">
     <span class='ocr_line' id='line_1_44' title="bbox 220 3923 1256 4033; baseline -0.005 -4"><span class='ocrx_word' id='word_1_299' title='bbox 220 3967 382 4033; x_wconf 84' lang='lat' dir='ltr'><strong>CXLVII.</strong></span> <span class='ocrx_word' id='word_1_300' title='bbox 425 3965 550 4027; x_wconf 83' lang='lat' dir='ltr'><strong>Placita</strong></span> <span class='ocrx_word' id='word_1_301' title='bbox 570 3963 735 4025; x_wconf 84' lang='lat' dir='ltr'><strong>bonafide</strong></span> <span class='ocrx_word' id='word_1_302' title='bbox 758 3971 790 4025; x_wconf 92' lang='lat' dir='ltr'><strong>et</strong></span> <span class='ocrx_word' id='word_1_303' title='bbox 818 3961 950 4023; x_wconf 88' lang='lat' dir='ltr'><strong>definita</strong></span> <span class='ocrx_word' id='word_1_304' title='bbox 973 3963 1121 4025; x_wconf 85' lang='lat' dir='ltr'><strong>venditio</strong></span> <span class='ocrx_word' id='word_1_305' title='bbox 1138 3923 1256 4027; x_wconf 25' lang='lat' dir='ltr'><strong>alven-</strong></span> 
     </span>
     <span class='ocr_line' id='line_1_45' title="bbox 140 4045 1254 4131; baseline -0.004 -19"><span class='ocrx_word' id='word_1_306' title='bbox 140 4051 243 4112; x_wconf 91' lang='lat' dir='ltr'><strong>ditore</strong></span> <span class='ocrx_word' id='word_1_307' title='bbox 267 4049 410 4110; x_wconf 90' lang='lat' dir='ltr'><strong>rescindi</strong></span> <span class='ocrx_word' id='word_1_308' title='bbox 437 4069 503 4108; x_wconf 90' lang='lat' dir='ltr'><strong>non</strong></span> <span class='ocrx_word' id='word_1_309' title='bbox 527 4057 649 4131; x_wconf 86' lang='lat' dir='ltr'><strong>potest:</strong></span> <span class='ocrx_word' id='word_1_310' title='bbox 674 4046 732 4108; x_wconf 89' lang='lat' dir='ltr'><strong>sed</strong></span> <span class='ocrx_word' id='word_1_311' title='bbox 752 4045 905 4129; x_wconf 89' lang='lat' dir='ltr'><strong>pretium,</strong></span> <span class='ocrx_word' id='word_1_312' title='bbox 935 4045 1024 4128; x_wconf 86' lang='lat' dir='ltr'><strong>quod</strong></span> <span class='ocrx_word' id='word_1_313' title='bbox 1048 4047 1087 4108; x_wconf 90' lang='lat' dir='ltr'><strong>ab</strong></span> <span class='ocrx_word' id='word_1_314' title='bbox 1110 4058 1254 4131; x_wconf 88' lang='lat' dir='ltr'><strong>emptore</strong></span> 
     </span>
     <span class='ocr_line' id='line_1_46' title="bbox 142 4133 602 4212; baseline 0 -16"><span class='ocrx_word' id='word_1_315' title='bbox 142 4134 288 4206; x_wconf 88' lang='lat' dir='ltr'><strong>debetur,</strong></span> <span class='ocrx_word' id='word_1_316' title='bbox 311 4133 525 4212; x_wconf 86' lang='lat' dir='ltr'><strong>repetendum</strong></span> <span class='ocrx_word' id='word_1_317' title='bbox 546 4140 602 4196; x_wconf 89' lang='lat' dir='ltr'><strong>est.</strong></span> 
     </span>
    </p>
   </div>
   <div class='ocr_carea' id='block_1_9' title="bbox 221 4209 1257 4295">
    <p class='ocr_par' dir='ltr' id='par_1_11' title="bbox 221 4209 1257 4295">
     <span class='ocr_line' id='line_1_47' title="bbox 221 4209 1257 4295; baseline -0.002 -19"><span class='ocrx_word' id='word_1_318' title='bbox 221 4215 394 4282; x_wconf 85' lang='lat' dir='ltr'>CXLVIII.</span> <span class='ocrx_word' id='word_1_319' title='bbox 439 4212 531 4278; x_wconf 87' lang='lat' dir='ltr'><strong>Servi</strong></span> <span class='ocrx_word' id='word_1_320' title='bbox 554 4221 609 4274; x_wconf 87' lang='lat' dir='ltr'><strong>aut</strong></span> <span class='ocrx_word' id='word_1_321' title='bbox 633 4210 742 4274; x_wconf 89' lang='lat' dir='ltr'><strong>coloni</strong></span> <span class='ocrx_word' id='word_1_322' title='bbox 766 4210 806 4272; x_wconf 84' lang='lat' dir='ltr'><strong>&#39;ab</strong></span> <span class='ocrx_word' id='word_1_323' title='bbox 828 4209 972 4275; x_wconf 87' lang='lat' dir='ltr'><strong>hostibus</strong></span> <span class='ocrx_word' id='word_1_324' title='bbox 991 4209 1075 4295; x_wconf 89' lang='lat' dir='ltr'><strong>capti</strong></span> <span class='ocrx_word' id='word_1_325' title='bbox 1099 4220 1132 4274; x_wconf 92' lang='lat' dir='ltr'><strong>et</strong></span> <span class='ocrx_word' id='word_1_326' title='bbox 1147 4232 1257 4276; x_wconf 85' lang='lat' dir='ltr'><strong>rever·</strong></span> 
     </span>
    </p>
   </div>
   <div class='ocr_carea' id='block_1_10' title="bbox 0 0 1454 5020">
    <p class='ocr_par' dir='ltr' id='par_1_12' title="bbox 0 0 1454 5020">
     <span class='ocr_line' id='line_1_48' title="bbox 0 0 1454 5020; baseline 0 0"><span class='ocrx_word' id='word_1_327' title='bbox 0 0 1454 5020; x_wconf 95' lang='lat' dir='ltr'><strong> </strong></span> 
     </span>
    </p>
   </div>
  </div>
 </body>
</html>
