2906 5008
217 291 296 365 218·
484 309 588 367 nasis
607 311 879 366 aninauuonmr
896 313 967 366 rrr.
988 312 1088 366 axin.

218 451 378 536 stupav'it,
401 460 432 514 et
450 460 559 534 postea
575 451 714 528 sanarit,
737 461 768 511 et
788 451 849 511 boc
872 450 1038 532 probatum
1051 451 1153 516 fuerit
1170 453 1274 535 quod
1292 475 1346 515 ve·

217 561 289 599 rum
308 547 371 614 est,
395 557 467 596 curn
492 534 702 624 qoadraginta
721 535 833 595 solidis
851 544 1029 616 componat.

220 655 308 726 Τιτ.
323 655 406 725 LX.
429 659 521 735 (61.)
571 651 629 722 De
656 678 700 721 eo
727 641 788 745 riui
813 653 1100 722 alteriusaurem
1125 655 1344 724 absciderit

303 784 328 846 l.
369 782 493 864 Siquis
516 781 646 842 alterius
672 803 780 841 aurern
803 781 995 862 absciderit,
1027 793 1059 843 et
1084 805 1150 844 nou
1175 787 1346 848 exsurda-

221 869 324 942 verit,
346 865 517 927 duodecim
537 865 655 926 solidos
680 875 858 946 componet.

303 951 343 1013 ll.
386 949 420 1008 Si
442 958 549 1007 autem
578 946 622 1008 sic
652 947 825 1008 absciderit
852 946 1031 1030 profundo,
1060 957 1096 1008 ut
1120 970 1197 1010 eum
1225 971 1343 1011 exsur-
1421 947 1422 958 ¹

219 1033 355 1108 daverit,
375 1030 584 1113 quadraginta
600 1030 719 1090 solidos
738 1040 918 1111 componat.

303 1116 365 1179 111.
408 1113 441 1174 Si
471 1115 558 1174 enim
589 1113 791 1172 medietatem
819 1113 904 1172 auris
926 1112 1116 1190 absciderit,
1138 1113 1235 1194 quod
1262 1113 1345 1173 Ala-

218 1197 329 1258 manni
353 1195 493 1258 orsoardi
520 1209 562 1268 0)
584 1195 720 1272 dicuat,
742 1217 816 1256 cnm
838 1217 893 1256 sex
918 1196 1030 1256 solidis
1053 1207 1242 1279 componat.

220 1316 310 1388 ΤιΤ.
337 1311 561 1408 LX1.(62.)
611 1312 669 1381 De
696 1337 740 1381 eo
767 1315 829 1405 qui
852 1313 1043 1406 palpebras
1069 1313 1221 1384 alterius
1252 1339 1342 1383 ma-

676 1412 863 1483 culaverit.

300 1545 326 1608 l.
367 1543 400 1604 Si
422 1541 507 1602 enim
525 1539 674 1623 superior
690 1540 840 1622 palpebra
867 1539 1025 1600 maculata
1045 1540 1160 1619 fuerit,
1183 1549 1221 1601 ut
1249 1543 1340 1602 clau·

218 1627 252 1690 di
279 1649 345 1687 non
369 1625 483 1708 possit,
506 1646 579 1684 curn
599 1645 654 1683 sax
676 1623 787 1684 solidis
811 1631 1031 1703 componatur.

298 1712 339 1772 ΙΙ.
383 1709 417 1768 81
432 1707 518 1767 enirn
534 1705 693 1778 subterior
714 1705 869 1765 maculata
889 1705 1005 1781 fuerit,
1028 1715 1064 1765 ut
1080 1706 1238 1789 lacrymas
1258 1730 1339 1770 con-

217 1795 321 1856 tinere
339 1813 404 1852 nou
424 1790 544 1871 possit,
569 1811 642 1848 cnm
665 1789 837 1848 duodecim
860 1787 970 1847 solidis
995 1802 1216 1870 componatur.

300 1876 363 1940 lll.
406 1873 438 1933 Si
464 1873 551 1931 enim
571 1872 653 1931 visus
676 1880 777 1930 tactus
804 1871 902 1930 fuerit
925 1870 958 1927 in
980 1871 1094 1949 oculo,
1118 1871 1161 1931 ita
1182 1882 1217 1932 ut
1238 1874 1335 1956 qnasi

218 1959 357 2024 vitreum
380 1964 562 2030 remaneat,
584 1953 697 2035 viginti
721 1954 838 2013 solidos
863 1962 1041 2032 componat.
1301 1965 1303 1976 ’

300 2044 355 2107 IV.
397 2041 430 2100 si
456 2048 561 2096 autom
584 2038 650 2116 ipse
683 2036 769 2097 visus
793 2039 877 2098 l'oras
899 2037 979 2096 exiit
1002 2045 1034 2095 et
1054 2033 1162 2108 milas,
1187 2038 1333 2120 quadra-

217 2125 305 2208 ginta
330 2123 448 2184 solidos
472 2126 649 2202 componat.

218 2243 310 2316 ΤΙΤ.
336 2239 459 2314 LXII.
485 2245 579 2322 (63.)
630 2239 688 2306 De
714 2261 803 2305 nare
829 2247 1060 2328 transpuncta
1087 2237 1147 2308 vel
1176 2240 1328 2307 absciso„

298 2369 322 2433 Ι.
364 2369 504 2428 sienim
526 2388 620 2428 nasus
646 2374 872 2448 transpunctus
896 2373 940 2449 p)
961 2366 1079 2445 fuerit,
1102 2388 1176 2427 curn
1196 2389 1255 2429 sex
1278 2389 1333 2428 so-

217 2451 293 2514 lidis
318 2461 498 2530 componat.

300 2537 341 2595 11.
385 2536 419 2594 si
449 2533 535 2594 enim
563 2530 724 2592 summitas
749 2529 814 2590 nusi
843 2539 879 2589 ut
904 2551 1035 2590 rnuccus
1063 2529 1225 2590 contineri
1259 2552 1325 2589 nou

215 2619 333 2704 possit,
356 2616 494 2678 abscisus
517 2615 634 2691 suerit,
659 2636 732 2674 cum
752 2613 922 2672 duodecim
946 2615 1056 2674 solidis
1083 2621 1264 2693 componat,

300 2702 360 2767 lll.
404 2703 436 2760 Si
459 2709 563 2758 autem
583 2707 667 2757 totus
688 2719 706 2755 a
725 2717 832 2778 presso
852 2695 1005 2758 abscissus
1024 2697 1133 2773 faerit,
1157 2716 1231 2756 cum
1250 2717 1328 2778 qua·

216 2786 361 2870 draginta
382 2783 492 2846 solidis
515 2791 694 2862 componat.
1186 2827 1194 2846 ,

341 2906 433 2983 TIT,
459 2901 598 2976 LXlll,
625 2895 738 2993 (6.1.)
788 2897 845 2966 De
871 2898 975 2965 labiis
1002 2897 1196 2966 maculatis.

299 3032 325 3098 I.
369 3033 402 3093 Si
428 3031 514 3090 enim
540 3028 659 3087 labium
679 3026 826 3107 superius
849 3025 985 3086 alicuius
1012 3027 1083 3108 quis
1105 3025 1322 3100 maculaverit,

217 3115 261 3175 ita
289 3126 324 3176 ut
347 3116 459 3176 dantes
485 3120 680 3191 appareant,
703 3131 775 3168 cum
801 3131 856 3168 sex
884 3110 995 3169 solidis
1021 3118 1199 3191 componat,

300 3198 343 3261 ll.
386 3197 419 3258 bi
440 3193 614 3269 subterius,
636 3201 672 3250 nt
688 3192 819 3252 salivam
840 3191 1007 3252 continere
1028 3213 1092 3251 non
1111 3193 1226 3274 possit,
1248 3213 1322 3252 cum

222 3277 392 3338 duodecim
410 3278 529 3336 solidos
555 3284 733 3356 componat.

301 3360 357 3423 Ill.
399 3360 431 3417 Si
457 3357 543 3417 enirn
562 3358 678 3438 aliquis
708 3355 771 3416 alio
801 3376 866 3414 uno
896 3353 960 3413 ictu
988 3355 1067 3415 duos
1090 3356 1201 3418 dentes
1226 3379 1320 3440 supe-

218 3441 321 3503 riores
345 3440 518 3502 excusserit
542 3439 678 3522 primos‚
702 3461 773 3499 cum
798 3459 853 3498 sex
874 3437 983 3496 solidis
1001 3449 1178 3520 componat.

279 3521 358 3587 lV.
399 3523 441 3583 Et
468 3521 492 3582 si
511 3524 657 3602 quemvis
678 3543 779 3582 unum
804 3529 843 3603 q)
869 3519 907 3580 de
931 3519 1006 3601 ipsis
1025 3521 1149 3583 duobus
1171 3543 1320 3584 excusse-

219 3605 279 3683 rit,
302 3627 374 3666 cum
394 3627 449 3666 sex
472 3605 583 3665 solidis
608 3614 786 3688 componat,

300 3691 340 3749 V.
382 3690 416 3749 Si
444 3698 550 3748 autem
579 3688 706 3748 dentem
733 3684 923 3760 absciderit,
955 3707 1052 3765 quem
1076 3709 1220 3747 marezan
1248 3686 1319 3746 Ala-

218 3771 326 3834 manni
349 3772 480 3846 dicunt,
503 3793 576 3830 cura
595 3771 694 3831 tribus
713 3772 824 3831 solidis
843 3779 1021 3848 componat.

231 3926 233 3930 .
302 3854 358 3922 VI.
380 3859 428 3917 Dc
443 3854 513 3914 aliis
534 3875 608 3914 vero
622 3856 881 3935 qualemcunque
894 3851 1085 3930 excusserit,
1108 3873 1318 3934 unumquem-

128 4015 149 4025 „
222 3962 286 4026 que
308 3963 381 4001 cum
404 3959 470 3997 uno
493 3936 597 3997 solido
620 3946 796 4018 componat.

153 4019 157 4024 ⁸
299 4026 373 4088 Vll.
415 4024 463 4081 De
487 4019 717 4080 subterioribus
741 4040 816 4079 vero
838 4018 960 4080 dnobus
986 4016 1098 4100 primis
1119 4017 1278 4094 dentibus,
1293 4014 1317 4076 si

218 4141 403 4160 *d

232 4209 234 4214 ¹
253 4189 286 4256 o)
302 4192 413 4240 Prrtcun.
424 4183 577 4236 litercardi.
595 4185 661 4235 Met.
676 4180 795 4236 oscarcb'.
816 4181 940 4232 Corbinn.
952 4179 1055 4235 soordi.
1076 4182 1170 4234 Scbilt.
1185 4180 1317 4235 lidiscort.

217 4259 247 4327 p)
272 4257 397 4309 Corbion.
413 4257 490 4306 rearis
509 4265 698 4324 transpuncto.
735 4254 768 4324 q)
784 4251 863 4304 Lind·
879 4263 906 4305 ct
921 4252 1016 4304 Sebilt.
1033 4254 1070 4319 bt
1088 4256 1208 4322 qrcamvis
1228 4269 1316 4304 unani.
