2900 5020
351 321 455 378 nacte
472 308 768 380 sartan-mama
782 304 994 384 numam
1155 287 1234 386 sat

125 466 216 540 Tra.
243 463 426 537 LXXIII.
481 466 536 534 De
560 464 728 552 caballis,
766 467 897 560 quibus
930 489 1010 536 ossa
1042 469 1231 546 actutum

312 565 399 634 duta
419 572 464 658 g)
489 565 537 633 sid
561 563 711 634 caudam
736 563 1022 656 ligata'flieriatss
1102 560 1105 566 '
1137 561 1175 588 ‘⁴³
1205 560 1228 594 a

206 717 232 778 I.
274 715 309 779 Si
330 715 364 778 in
379 729 420 778 ‘ec
435 715 508 779 loca
524 715 757 779 inventumvia‘
769 730 836 796 quo
855 714 1006 780 damnum
1027 719 1140 800 faciat,
1163 723 1233 788 siva

122 810 215 866 extra
236 799 398 877 damnum,
420 808 454 860 et
475 821 596 882 pavore
620 800 689 880 ipso
714 807 771 868 aut
787 799 1006 881 periclitatum
1023 804 1146 872 animal
1158 807 1233 869 ,fue-

105 886 177 961 ¹rit,
200 891 255 943 aut
278 903 444 960 eversum,
465 890 520 942 unt
540 881 763 959 debilitatum,
787 883 822 942 in
842 891 998 978 potestate
1023 884 1065 946 sit
1085 887 1235 968 damini„

124 966 218 1029 cuius
241 965 360 1027 animal
381 963 500 1042 fuerit,
520 973 634 1029 utrum
653 964 759 1046 ipsum
783 985 929 1047 recipere
954 965 1094 1028 vatican
1121 971 1231 1032 alium.

123 1048 212 1110 Etsi
233 1069 327 1108 suum
358 1047 504 1128 recipere
528 1045 686 1124 noluerit,
713 1045 784 1109 eius
803 1047 910 1109 meriti
933 1048 1153 1116 aestimatione
1173 1053 1233 1124 aa

124 1131 203 1206 bita,
220 1131 299 1190 duos
320 1127 399 1190 alios
427 1130 506 1193 tales
533 1129 672 1193 caballos
695 1129 755 1268 lq„
776 1129 806 1193 ei
831 1131 922 1190 ouius
947 1131 1057 1208 fuerit,
1081 1132 1230 1208 dariam*

124 1213 237 1286 bemus
257 1212 295 1272 ab
312 1233 361 1288 eo,
382 1209 438 1294 qui
459 1220 569 1272 contra
585 1209 722 1298 interdic
739 1232 794 1270 um
813 1221 958 1281 nostrum
971 1212 1033 1272 hoc
1046 1235 1231 1300 praesump-

123 1295 205 1360 serit
228 1293 406 1359 admittere.
448 1295 522 1370 Qua
546 1295 661 1375 poena'
676 1292 836 1372 ingenuus
852 1295 963 1355 'teneri
985 1294 1150 1363 iubemus·

206 1377 244 1436 ll.
290 1377 442 1438 Ceterum
460 1375 487 1438 si
504 1396 616 1438 servas
634 1374 696 1436 hoc
715 1375 821 1438 facere
838 1377 1097 1458 praesumpserit,
1111 1379 1233 1460 ducen-

122 1469 173 1522 tos
196 1461 296 1518 fustes
319 1457 471 1540 accipiat:
495 1458 580 1517 etin
604 1464 759 1540 potestate
785 1457 827 1519 sit
849 1458 948 1536 illius,
972 1459 1065 1530 cuius
1087 1459 1232 1539 calaatha}¹
1334 1495 1336 1500 ·

122 1551 185 1620 est,
206 1549 315 1600 utrum
337 1540 442 1622 ipsum
462 1539 607 1621 recipere
636 1535 746 1616 (velit.
793 1539 889 1618 Quod
917 1541 950 1602 si.
972 1541 1090 1602 animal
1114 1537 1231 1626 displi-

123 1624 242 1700 cuerit,
269 1622 420 1704 praastita
443 1625 472 1698 i)
493 1621 578 1682 sicut
605 1621 726 1682 dictum
751 1631 798 1685 est
822 1622 862 1683 de
883 1643 977 1698 servo
994 1623 1119 1691 ultione
1125 1670 1152 1720 ρ,
1169 1627 1232 1712 dg.

121 1706 229 1768 minus
256 1703 337 1766 servi
364 1705 521 1765 caballum
547 1703 690 1764 eiusdem
718 1703 850 1782 meriti,
885 1705 976 1776 cuius
1005 1704 1062 1766 ille
1085 1707 1148 1768 fun
1172 1698 1231 1790 qui

120 1788 307 1850 debilitatus
331 1787 460 1867 dicitur,
483 1795 615 1870 cogatur
635 1784 813 1852 exsolvere.
856 1785 962 1848 Simili
987 1785 1026 1849 de
1047 1809 1130 1870 equa
1150 1812 1231 1853 corr·

122 1871 248 1934 ditione
271 1879 402 1932 servata
530 1921 533 1926 .
609 1935 612 1940 ,
1134 1901 1143 1958 2

189 1953 262 2096 dlltI.
302 1950 498 2094 Dekcahallo
522 1949 617 2014 etiam
632 1953 779 2033 (curtato
804 1945 917 2016 similis
933 1971 1057 2035 poenae
1070 1953 1231 2042 serrantia

123 2054 186 2098 con
213 2033 268 2095 'tio
288 2043 336 2096 est
373 2039 393 2114 ).
1159 2037 1160 2040 ’
1215 2035 1232 2062 ‘²

221 2207 312 2278 un.
338 2206 518 2280 cxxiv.
565 2205 628 2280 ue
654 2206 772 2282 viatus
808 2219 847 2280 et
877 2207 962 2280 atta
989 2195 1148 2284 earam
1170 2187 1178 2207 ¹

206 2360 232 2426 I.
272 2357 436 2422 Anteactis
460 2357 593 2442 quidem
613 2356 810 2442 temporibus
833 2357 947 2434 emissa
967 2357 1163 2444 generaliter
1182 2347 1232 2432 le

124 2455 163 2526 ge
190 2443 296 2504 fuerat
323 2442 543 2519 constitutum,
565 2450 601 2500 ut
622 2441 648 2502 si
670 2441 788 2502 mulier
807 2440 960 2506 defuncto
981 2443 1051 2504 sine
1073 2440 1149 2504 filiis
1166 2437 1233 2525 ιιιῑῃ-ι

122 2527 186 2587 rito
212 2546 270 2586 suo
291 2525 331 2586 ad
352 2525 508 2589 secundas
523 2523 651 2607 nuptias
674 2544 739 2583 non
764 2523 952 2600 transiisset,
978 2525 1105 2586 tertiam
1129 2521 1230 2587 here?

123 2607 231 2668 ditatis
260 2607 329 2668 eius
361 2607 519 2690 usquein
548 2606 631 2666 diem
658 2604 743 2666 vitae
770 2628 844 2669 suae
868 2605 1007 2690 propriis
1036 2607 1230 2703 utilitatilsqs

124 2689 323 2750 vindicaret:
351 2691 406 2752 sed
433 2711 520 2750 nunc
541 2710 581 2750 ex
608 2687 678 2770 ipsc
706 2687 884 2770 eodemque
915 2689 1010 2750 titulo
1038 2711 1113 2750 cum
1143 2688 1232 2772 opti,
1320 2707 1323 2713 ·

123 2771 259 2831 metibus
282 2773 394 2852 popul-i
416 2772 516 2833 nostri
541 2771 702 2830 adtentius
731 2770 882 2832 universa
903 2779 1075 2833 tractantes
1096 2761 1232 2854 genera?

123 2851 247 2911 litatem
274 2853 309 2936 l)
338 2853 516 2935 praedictae
537 2853 617 2935 legis
643 2852 766 2935 placuit
792 2862 981 2934 temperare.
1023 2846 1232 2952 Quaproptpr,

114 2933 282 3011 iubemus,
308 2943 345 2994 ut
368 2935 425 2994 illa
446 2944 570 3006 tantum
596 2935 694 2997 vidua
719 2934 821 3012 hanc,
845 2936 884 2996 de
906 2956 970 3018 qna
991 2934 1166 3020 loquimur,
1191 2935 1231 2996 11⁵1'

123 3013 303 3077 hereditate
326 3016 431 3076 mariti
451 3017 589 3098 ,accipiat
611 3016 832 3099 quantitatem,
854 3037 936 3099 quae
955 3019 1055 3099 patris
1081 3027 1135 3078 aut
1152 3013 1229 3082 tara-

123 3096 182 3158 tris
204 3119 268 3159 noa
292 3098 441 3158 hahuerit
455 3100 648 3173 facultatem,
664 3109 718 3158 aut
739 3100 765 3160 si
790 3101 820 3160 ei
836 3099 967 3160 maritus
988 3099 1227 3198 suusaliquam

121 3177 156 3239 in
180 3201 244 3261 qua
264 3180 376 3243 rivere
396 3179 507 3265 possit,
526 3179 737 3243 successionis
754 3203 830 3251 suae
849 3203 916 3242 noa
937 3181 1106 3246 donaverit
1123 3193 1234 3272 (Ῑιιειῃιιςς

121 3261 257 3326 titatem.
1001 3311 1005 3329 .
1181 3263 1194 3275 “’
1215 3261 1235 3329 ζ

204 3347 246 3412 ΙΙ,
288 3345 509 3430 Quaecunque
527 3367 601 3406 sane
619 3345 747 3423 mulier,
773 3343 911 3427 coniuge
934 3363 992 3404 suo
1013 3341 1047 3401 in
1063 3332 1233 3428 futurae-¹³

119 3425 221 3508 lapso,
244 3425 283 3488 ad
304 3428 440 3488 secundi
462 3429 568 3490 mariti
585 3437 659 3489 vota
682 3450 746 3488 non
774 3427 859 3504 ierit,
879 3435 932 3486 aut
956 3424 1024 3487 eius
1044 3425 1146 3488 adulti
1162 3429 1233 3510 iam

120 3509 180 3568 filii
204 3532 314 3570 secum
334 3531 400 3570 esee
416 3511 595 3588 noluerint,
616 3509 676 3572 hac
694 3509 818 3570 ratione
840 3531 913 3568 cum
931 3508 977 3570 eis
995 3507 1142 3570 defuncti
1156 3511 1225 3569 mass
1262 3555 1266 3559 -

120 3591 175 3652 riti
190 3592 315 3652 dividat
333 3591 526 3658 facultatem.
549 3596 591 3654 Ut
610 3592 637 3654 si
659 3593 762 3653 tilium
775 3591 936 3661 habuerit,
951 3590 1132 3680 praedictae
1152 3591 1231 3661 subs·

120 3673 254 3734 stantiae
276 3675 404 3736 tertiam
417 3685 650 3757 consequatur:
672 3676 698 3736 si
722 3674 799 3752 duo,
821 3681 876 3732 aut
898 3681 974 3750 tres,
997 3672 1050 3732 rel
1071 3664 1223 3754 quatuor}

121 3757 297 3838 autplures
316 3767 411 3818 erunt
435 3757 505 3834 filii,
524 3768 669 3840 quartam
688 3757 824 3838 accipiat
845 3754 1043 3838 portionems
1065 3776 1161 3835 quarn
1176 3764 1238 3816 tas

120 3857 196 3898 men
215 3847 289 3921 post
313 3840 438 3900 obitum
460 3841 530 3902 eius
555 3841 596 3902 ad
623 3839 707 3903 lilios
727 3837 825 3922 ipsius
848 3835 971 3920 placuit
991 3857 1145 3900 remeare.

124 3985 559 4005 m

187 4061 216 4132 g)
234 4062 277 4114 Al.
295 4081 344 4115 ms.
362 4065 499 4118 scandata.
537 4067 636 4118 Omnes
651 4064 783 4121 editiones
799 4065 916 4118 habent:
934 4059 1077 4115 scaradata.
1131 4061 1161 4135 h)
1180 4062 1232 4116 Al!

120 4134 335 4186 aestimationem
354 4135 472 4196 habeat,
498 4147 548 4186 aut
565 4135 633 4189 daos
650 4137 718 4188 tales
737 4137 869 4188 caballos.
939 4134 965 4196 i)
989 4133 1033 4184 Al.
1059 4135 1150 4192 velit.
1178 4135 1226 4196 cati

120 4199 292 4270 displicuerit
309 4221 348 4254 an
365 4207 450 4258 alium
464 4207 608 4276 praestita.
677 4205 705 4275 l)
731 4205 775 4258 Al.
802 4202 854 4257 tun¹
875 4213 998 4256 scurtato
1016 4203 1102 4256 simili
1116 4222 1224 4274 poenae

117 4284 226 4324 servata
242 4271 411 4349 ¹conditione.
481 4275 503 4344 l)
516 4275 569 4332 ,At
584 4279 777 4347 quantitatem.

831 4378 880 4444 22
