2826 4998
160 326 227 406 36..
354 300 360 308 ’
432 349 434 356 ’
464 337 569 398 umis
596 335 744 394 saucar
761 336 977 400 murum„

159 490 234 549 den.
264 483 323 566 qui
347 479 474 544 faciunt
497 481 557 543 sol.
581 479 642 544 111.
666 476 754 562 culp.
782 476 858 542 den.
895 476 954 559 qui
989 474 1116 540 faciunt
1154 476 1301 542 solidos·

161 569 335 633 iudicetur.
780 560 840 623 111.
861 562 948 644 culp.
960 558 1027 622 iud.

824 646 887 706 III.
929 643 963 703 Si
983 641 1055 724 quis
1068 641 1203 706 skellam
1224 649 1284 716 m)

782 727 823 790 da
849 725 981 788 caballis
1008 726 1183 806 furaverit,
1206 723 1282 788 DC.

782 811 856 876 den.
880 811 940 892 qui
968 808 1095 870 faciant
1118 810 1178 875 sol.
1198 808 1284 874 XV.

182 955 185 960 .
782 895 869 974 culp.
886 893 984 974 iud..

187 985 264 1058 Ill.
307 980 342 1042 Si
369 998 446 1040 vero
476 974 538 1059 ipsi
563 975 680 1039 caballi
702 997 771 1058 per
824 975 883 1040 IV.
905 974 1287 1058 Siquispedicamdeca·

159 1053 297 1144 rierinti
324 1061 459 1147 capitale
488 1061 523 1120 in
546 1058 655 1122 locum
685 1080 756 1122 res·
781 1060 878 1122 hallis
898 1059 1067 1136 furaverit,
1088 1059 1192 1125 CXX.
1204 1059 1299 1121 den.-

159 1151 266 1215 tituat,
783 1142 842 1225 qui
871 1143 997 1202 faciunt
1018 1144 1078 1204 sol.
1108 1146 1173 1210 111.
1193 1143 1287 1228 culp.

414 1255 419 1260 ·
784 1225 957 1290 iudicetur.

159 1327 163 1338 ’
203 1311 262 1378 IV.
304 1306 759 1392 Siquiatintinnumdepeco·
825 1307 868 1370 V.
910 1307 945 1368 Si
963 1304 1080 1366 caballi
1102 1304 1162 1389 ipsi
1175 1307 1286 1390 perie-

160 1396 251 1463 ribus
271 1392 447 1469 furaverit,
471 1389 757 1466 (uiuuLeudardal
783 1389 861 1470 rint,
883 1388 1020 1473 capitale
1038 1387 1074 1449 in
1096 1387 1205 1451 locum
1223 1411 1285 1454 re·

164 1479 270 1564 CXX.
294 1479 369 1542 den.
385 1475 444 1558 qui
467 1475 594 1536 faciunt
614 1473 674 1539 sol.
696 1474 757 1534 111.
783 1475 904 1542 stituat.

163 1565 250 1706 cuii·
267 1561 334 1623 iud.

290 1643 325 1704 Si
348 1639 420 1724 quis
445 1659 546 1701 messe
581 1637 688 1700 aliena
720 1637 755 1697 in
824 1637 883 1705 VI.
925 1637 961 1698 Si
978 1639 1051 1722 quis
1067 1659 1203 1702 messem
1217 1639 1284 1700 ali-

162 1735 288 1796 furtum
302 1736 422 1786 metere
444 1721 693 1804 praesumpserit
708 1721 756 1798 l),
785 1745 879 1785 enam
912 1743 969 1801 per
991 1725 1116 1784 furtum
1139 1731 1296 1800 metere„

165 1824 222 1876 aut
237 1827 405 1894 repascere
421 1804 573 1866 iuventus
588 1803 688 1864 luerit
700 1803 759 1862 ibi·
784 1815 840 1867 aut
868 1805 983 1866 reffare
1010 1813 1070 1880 n),
1100 1827 1287 1888 praesump-

165 1899 256 1973 dem,
278 1900 379 1971 (uam.
393 1885 576 1964 Laudardi)
594 1884 663 1949 DC.
683 1885 757 1946 den·
785 1888 873 1964 serit,
892 1888 959 1947 DC.
980 1888 1054 1949 deu.
1076 1889 1133 1970 qui
1155 1888 1285 1950 faciunt

165 1979 223 2062 qui
249 1975 374 2037 faciunt
401 1970 459 2032 sol.
489 1971 562 2036 XV.
586 1968 758 2052 culpabilis
785 1970 844 2033 sol.
869 1968 946 2035 XV.
967 1969 1053 2053 culp.
1075 1971 1143 2034 iud.

164 2061 338 2123 iudicetur.

195 2143 268 2216 [VI.
311 2139 345 2200 si
371 2135 444 2221 quis
467 2133 502 2194 in
527 2133 656 2196 hortum
678 2134 759 2196 alie·
827 2133 905 2198 VII.
947 2134 1065 2218 Siquis
1081 2135 1285 2197 hortumali-

167 2248 247 2290 num
262 2223 302 2284 ad
321 2223 444 2283 furlum
462 2218 624 2301 ingressus
647 2218 758 2295 fuerit,
786 2239 885 2280 enum
904 2217 1065 2301 ingressus
1081 2219 1191 2298 fuerit,
1210 2218 1296 2282 DC.
1409 2242 1410 2255 ¹

168 2318 225 2371 aut
243 2308 277 2367 in
293 2304 456 2387 napinam,
473 2304 524 2363 vel
542 2300 576 2358 in
594 2301 758 2377 fabariam,
787 2301 860 2365 den.
885 2301 942 2383 qui
959 2302 1096 2363 ¹faciunt
1117 2301 1177 2365 sol.
1203 2300 1282 2368 XV.

169 2394 205 2454 in
229 2389 402 2473 pisariam,
438 2383 474 2440 in‘
493 2382 731 2445 lenticulariam
746 2427 755 2458 ‚
770 2384 873 2468 ·culp.
893 2383 962 2453 iud.

171 2464 474 2556 (umuLeudardi)
504 2465 574 2527 DC.
601 2465 676 2527 deu.
702 2463 759 2548 qui

168 2558 295 2622 faciunt
311 2553 369 2614 sol.
392 2550 464 2611 XV.
484 2548 560 2629 culp
589 2547 656 2610 iud.

213 2637 290 2701 VII.
333 2631 449 2713 Siquis
465 2631 758 2711 aliquiddecampo
827 2627 919 2691 VIII.
960 2631 994 2693 Si
1012 2631 1083 2715 quis
1099 2631 1235 2715 impotos
1248 2643 1285 2707 ο)

172 2722 280 2786 alieno
297 2714 472 2790 furaverit,
496 2723 527 2774 et
556 2712 618 2773 hoc
641 2712 759 2774 exinde
789 2713 828 2776 de
853 2713 978 2775 milario
995 2737 1017 2798 p
1017 2724 1059 2794 J,
1085 2724 1141 2774 aut
1161 2717 1201 2777 de
1227 2738 1287 2799 ΡΥ.

172 2807 207 2869 in
230 2825 320 2866 carro
338 2807 392 2858 aul
407 2818 465 2878 per
481 2796 639 2856 caballum
658 2796 761 2855 duxe-
787 2799 872 2858 tario
904 2796 1033 2876 tulerit,
1074 2797 1178 2865 CXX,
1207 2799 1285 2860 den.

172 2890 227 2963 rit,
249 2890 357 2961 (mauu.
374 2877 554 2957 Lendardi)
575 2880 617 2939 Μ.
632 2875 760 2938 DCCC.
789 2881 846 2958 qui
867 2879 993 2940 faciunt
1008 2883 1068 2944 sol.
1088 2885 1150 2953 ΙΙΙ.
1168 2882 1285 2966 culpa..

174 2972 250 3033 den.
265 2966 322 3047 qui
344 2961 468 3023 faciunt
489 2962 548 3022 sol.
567 2959 672 3027 XLV.
690 2960 762 3020 cul·
787 2962 865 3024 hilis
883 2961 1057 3030 iudicetur.

171 3050 288 3138 pabilis
302 3046 474 3109 iudicetur.

214 3131 310 3194 VIII.
353 3128 386 3186 Si
415 3147 493 3188 vero
537 3133 661 3187 tautum
698 3123 763 3208 pri·
831 3128 891 3192 IX.
935 3117 1288 3192 siveroi'nhortofue-

172 3217 262 3293 serit,
280 3219 436 3295 quantum
456 3209 490 3268 in
510 3207 604 3268 d'orso
617 3230 674 3270 suo
692 3228 764 3289 por·
790 3212 867 3291 rint,
887 3212 955 3283 Dc,
976 3212 1050 3277 deu,
1078 3212 1136 3292 qui
1158 3213 1287 3275 faciunt

172 3310 241 3360 lare
261 3292 418 3368 valuerit,
453 3295 561 3366 (mauu.
580 3289 760 3367 Laudardi)
789 3295 939 3360 ⁶01‚XV‚
960 3294 1046 3379 culp,
1063 3294 1129 3356 iud,

169 3381 238 3444 DC.
263 3378 337 3439 den.
364 3373 421 3455 qui
451 3374 577 3434 faciunt
598 3373 656 3435 sol.
683 3370 759 3438 XV.

171 3462 256 3544 culp.
274 3457 346 3519 iud.

210 3543 271 3606 IX.
313 3538 439 3622 Siquis
464 3539 589 3622 pr'ulum
617 3539 760 3602 alienum
830 3541 872 3609 X.
903 3543 937 3604 Si
950 3545 1022 3626 quis
1034 3541 1209 3603 miliarium
1221 3547 1280 3602 aut

168 3626 335 3704 secaveril,
355 3643 483 3706 operam
507 3623 541 3694 l)
568 3643 656 3682 suam
683 3643 760 3705 per·
786 3626 951 3708 pylarium
972 3625 1283 3706 decorticaveritq)‚

168 3714 232 3788 dat,
250 3721 283 3771 et
302 3707 504 3788 insupersol.
520 3703 594 3765 XV.
613 3705 760 3787 culpabi·
789 3707 893 3770 CXX.
915 3710 989 3773 den,
1005 3709 1062 3788 qui
1078 3708 1205 3769 faciunt
1222 3708 1282 3770 501,

165 3793 393 3856 lisiudicetur:
417 3796 449 3849 et
462 3788 489 3849 si
507 3788 612 3870 ipsum
625 3790 759 3850 foenum
787 3793 846 3851 111.
867 3791 951 3874 culp.
969 3791 1142 3857 iudicetur.
1167 3805 1171 3812 ‘

161 3911 550 3932 ---·-—--—-—

234 3957 272 4026 lc)¹
285 3958 319 4006 In
338 3971 418 4019 marg.
437 3969 546 4004 messem
564 3953 685 4005 alienam
705 3955 855 4023 lripaverit
872 3967 921 4006 aut
936 3951 1058 4008 medem,
1093 3955 1120 4022 l)
1138 3955 1172 4008 In
1197 3971 1283 4020 marg.

34 4061 39 4067 ,
160 4031 295 4086 laborem.
316 4022 474 4091 'm)Baluz.
488 4022 621 4074 schillam.
658 4026 693 4085 n)
715 4022 804 4073 Gucll.
817 4039 862 4079 un.
880 4042 985 4093 reparo.
1023 4023 1146 4076 Alterum
1164 4043 1282 4080 ressure.

163 4100 220 4152 Est.
243 4094 363 4166 trqffare.
407 4092 493 4146 Gloss.
524 4093 579 4146 Est.
600 4091 631 4143 id
648 4105 687 4144 est
705 4095 828 4159 spicauti
844 4097 970 4148 evellere.
991 4094 1096 4148 ,Glosa
1116 4097 1188 4151 Pith.
1207 4097 1282 4162 uap-

162 4181 218 4230 tor,
238 4167 352 4235 repsere.
372 4165 489 4244 Memor,
510 4163 617 4233 rp'ftare.
652 4165 686 4246 ο)
705 4163 758 4214 Est·
777 4163 900 4230 impetus.
938 4164 1027 4247 Glosp.
1045 4165 1100 4218 Est.
1117 4163 1207 4218 idest
1229 4181 1280 4234 po-

155 4256 231 4362 llll
240 4231 892 4378 lllll‘ljfil-“lul“llllllll¹¹²·
912 4235 1036 4292 ”Vm
1074 4234 1160 4290 ⁶¹⁰⁸*
1185 4235 1280 4290 mu-
