2900 5020
264 211 337 304 ‘sti
470 249 592 304 «ιιιιιιι
609 245 901 304 ιυιιιιιιιιιιιοιιιιιι
918 243 990 298 rrr.
1011 245 1157 301 cxxxiv.

264 390 409 473 agnoscit
430 411 446 448 n
467 387 671 470 possidente,
703 395 758 448 aut
780 384 1001 448 fideiussorem
1026 385 1191 450 idoneum
1224 385 1359 468 accipiet,

263 481 320 534 aut
352 472 379 534 ai
406 472 626 533 fideiussorem
647 490 714 531 non
745 476 778 541 z)
818 469 997 553 acceperit,
1031 489 1083 532 res
1112 490 1203 552 quas
1236 473 1360 552 agnoscit

261 554 486 639 praesumendi
512 553 626 613 habeat
646 557 846 636 potestatem.

250 645 253 652 '
344 637 389 700 ll.
432 638 465 701 si
493 653 571 697 vero
596 635 695 697 falsus
725 633 887 694 fueritin
919 633 1145 716 agnoscendo,
1188 655 1262 696 rem
1285 655 1363 716 quau

261 719 344 784 male
367 719 539 805 cognovit,
569 727 601 780 et
627 717 716 780 aliud
738 726 865 780 tautum
889 728 1023 799 cogatur
1047 719 1240 780 exsolvere.

260 885 278 958 f
345 801 409 870 tlt.
450 803 485 866 si
509 822 620 866 servus
639 800 722 864 male
747 799 895 882 agnovit,
916 821 976 886 pro
992 797 1150 883 qualitate
1176 798 1231 863 rei
1257 801 1364 884 agnitae

277 885 443 970 ualigetur.
758 888 762 898 “

384 1001 475 1077 Tru.
499 999 718 1072 LXXXIV.
743 999 802 1072 De
827 999 1036 1072 venditione
1059 1013 1268 1106 terrarum.

342 1131 369 1196 l.
411 1131 496 1210 Quia
525 1129 732 1214 cognorimus
763 1127 1013 1212 Burgundiones
1036 1142 1137 1193 sortes
1176 1153 1255 1194 sues
1283 1130 1364 1192 nimia

262 1214 417 1284 facilitate
436 1213 630 1292 distrahere,
651 1210 714 1276 hoe
735 1213 898 1297 praesenti
923 1213 995 1295 lego
1013 1214 1218 1276 credidimus
1238 1222 1364 1276 statuen-

261 1297 359 1375 dum,
397 1306 435 1358 ut
459 1297 543 1358 nulli
576 1295 717 1361 rendere
745 1305 864 1357 terram
886 1306 977 1356 suam
1007 1295 1120 1374 liceat,
1150 1297 1221 1360 uisi
1244 1297 1296 1358 illi
1320 1300 1361 1381 qui

260 1379 326 1440 alio
349 1382 420 1444 loco
442 1388 559 1442 sortem
585 1388 641 1440 aut
668 1379 884 1462 possessiones
908 1376 1016 1444 habet.

343 1464 385 1522 11.
426 1463 495 1523 Hoc
522 1462 618 1522 etiam
648 1460 878 1537 interdictum,
909 1469 947 1522 ut
976 1460 1116 1543 quisquc
1142 1459 1272 1523 habeus
1301 1461 1360 1520 alihi

261 1552 397 1620 terram,
420 1545 583 1605 vendendi
598 1545 818 1605 necessitatem
835 1542 949 1620 habet,
973 1543 1007 1602 in
1022 1545 1264 1626 comparando,
1285 1565 1360 1626 quau

260 1627 450 1707 Burgundio
476 1628 625 1693 venalem
642 1625 759 1698 habet,
783 1625 893 1688 nullus
911 1634 1084 1687 extraneus
1097 1629 1248 1688 Romano
1261 1625 1359 1708 hospiti

259 1720 478 1798 praeponatur
503 1731 563 1770 neo
593 1717 746 1771 extraneo
777 1729 838 1794 per
864 1708 1035 1792 quodlibet
1058 1720 1289 1792 argumentum
1313 1718 1360 1769 ter·

263 1795 331 1852 iam
357 1791 453 1853 licoat
474 1811 667 1874 comparare.
1175 1798 1186 1810 “

344 1873 406 1937 lll.
448 1872 694 1935 Observandum
712 1879 841 1950 tamen,
863 1881 900 1934 ut
923 1871 964 1936 tle
986 1872 1045 1935 illo
1068 1873 1136 1958 ipse
1156 1873 1279 1960 hospes
1301 1893 1359 1936 tuus

261 1967 440 2046 comparet,
461 1978 558 2042 quem
579 1955 657 2016 alibi
679 1964 798 2020 terram
815 1953 936 2018 habere
959 1956 1150 2044 constiterit.

506 2107 596 2183 Tra.
620 2105 824 2182 LXXXV.
862 2106 922 2177 De
945 2108 1105 2204 pupillis.
1401 2129 1402 2170 t

343 2237 371 2302 1.
412 2236 448 2298 Si
484 2245 584 2298 mater
615 2235 752 2300 tutelam
777 2242 808 2316 a)
843 2235 1006 2320 suscipere
1033 2236 1200 2318 voluerit,
1232 2234 1316 2296 nulla
1336 2232 1358 2294 ei
1393 2189 1403 2227 ᾖ

262 2319 428 2404 parentela
452 2320 488 2394 b)
511 2327 739 2401 praeponatur.

347 2403 392 2464 ll.
434 2401 576 2481 Quodsi
605 2422 682 2464 vero
705 2409 808 2462 mater
827 2422 893 2462 uon
911 2401 1031 2480 fuerit,
1069 2401 1239 2485 proximus
1262 2420 1357 2483 parens

264 2507 316 2547 res
349 2495 381 2560 c)
417 2486 578 2546 minorum
604 2504 753 2550 revocare
775 2484 870 2547 debet
889 2507 926 2546 ea
948 2484 1155 2564 conditione,
1177 2494 1218 2546 ut
1240 2481 1358 2565 qualiter

263 2589 321 2720 pua
349 2567 482 2628 lacultas
503 2565 648 2654 proficit,
679 2565 726 2628 sic
743 2576 777 2630 et
802 2589 853 2630 rea
867 2567 1030 2630 minorum
1052 2568 1122 2629 cius
1144 2568 1284 2628 utilitate
1302 2584 1356 2648 pro·

287 2651 383 2713 cunt

350 2733 405 2794 111.
446 2732 513 2794 Neo
545 2730 576 2795 ei
614 2729 712 2796 liceat
742 2730 863 2794 exinde
898 2731 1077 2816 quidquam
1118 2742 1283 2809 evertere,
1316 2723 1354 2789 vel
1407 2757 1408 2794 ι

269 2817 423 2878 alienare.

348 2897 406 2964 IV.
449 2895 589 2978 Siquis
623 2916 702 2956 vero
730 2895 980 2978 praesumpserit
1011 2896 1051 2958 de
1076 2897 1196 2970 rebus,
1238 2903 1274 2956 ut
1302 2888 1354 2951 dic·

266 2987 335 3044 tum
362 2989 425 3058 est,
454 2979 618 3040 minorum·
640 2978 765 3062 aliquid
793 2978 993 3053 distrahere,
1018 2980 1058 3042 de
1081 3002 1138 3042 sua
1159 2978 1307 3042 facultate
1329 2970 1353 3029 ia

267 3063 418 3149 simplum
445 3060 585 3134 reddat..
1176 3124 1180 3138 ¹

351 3143 392 3210 V.
435 3145 483 3205 lta
511 3153 545 3204 ut
569 3142 594 3206 ai
621 3164 749 3206 oausam
775 3163 848 3236 para
861 3141 997 3206 minoris
1016 3143 1189 3225 hahuerit,
1215 3143 1280 3230 ipsa
1300 3154 1354 3224 pet

268 3248 346 3305 aona
364 3226 576 3315 respoudeat,
598 3247 680 3309 quae
699 3226 833 3287 tutelam
856 3227 1008 3311 suscepit.

463 3377 553 3446 Tur.
579 3375 797 3447 LXXXIV.
831 3375 891 3445 Da
914 3376 1009 3446 mala
1031 3376 1180 3455 herede.

281 3527 283 3532 ·
349 3504 377 3575 Ι.
419 3504 453 3568 Si
473 3513 565 3586 pater
585 3503 659 3566 liliis
680 3503 818 3566 dimittat
835 3503 951 3566 malam
979 3504 1131 3568 heredum
1152 3503 1200 3584 d),
1229 3497 1351 3578 statius

268 3591 344 3654 dare
366 3590 523 3665 voluerit,
552 3588 605 3656 oui
634 3587 778 3649 voluerit
802 3587 922 3667 donet,
956 3598 1067 3673 postea
1100 3590 1141 3652 ad
1169 3588 1251 3650 filias
1276 3599 1351 3648 suat,

267 3674 295 3735 si
324 3674 380 3736 ille
401 3671 541 3746 dederit,
572 3691 667 3731 nemo
691 3669 845 3752 requirat.

354 3756 398 3818 ll.
440 3757 489 3820 De
511 3752 690 3818 Wittemou
710 3773 791 3814 vero
820 3753 847 3814 si
875 3750 1116 3818 demandaverit
1135 3762 1226 3840 pater
1250 3758 1285 3812 ut
1301 3759 1353 3836 aqu

259 3849 458 3932 quaeratur,
491 3835 695 3897 demandatio
716 3835 786 3896 eius
811 3855 876 3896 non
899 3837 1022 3918 valeat,
1054 3838 1112 3909 sed
1132 3839 1216 3902 sicut
1235 3836 1286 3896 lex
1304 3823 1353 3886 ³11³

267 3922 444 4006 expressit,
475 3919 641 4004 proximae
670 3938 786 4001 pareus
810 3916 956 4002 accipiat.
995 3959 997 3965 ι

334 4097 361 4164 z)
386 4059 432 4144 Al..
445 4059 640 4174 fideiussorem
664 4089 777 4160 petitum
808 4107 897 4174 ιιοιι.Ι
946 4096 979 4162 a)
1002 4093 1047 4145 Al.
1073 4109 1119 4146 ms.
1147 4093 1270 4148 tutillam.
1318 4073 1352 4200 li)

266 4164 313 4296 tt
333 4163 576 4315 altaalta
602 4161 722 4292 ιιι»
1117 4162 1156 4222 ι’
1277 4152 1352 4229 a..
