2900 5020
209 298 286 374 356
530 317 635 375 aaels
653 279 855 402 mistorum
882 319 953 379 mr.
974 321 1023 379 ιν.

294 456 354 528 IV.
376 458 488 526 ·Litua
521 457 745 524 conditionem
772 479 942 544 mamper
966 459 1075 524 omnia
1105 457 1255 526 similiter
1279 466 1336 527 sa-

210 541 294 621 ciat,
315 542 440 621 idest,
462 552 552 606 sexta
579 563 677 603 mauu
698 549 732 611 c)
765 540 870 620 iuret,
896 543 965 622 vel,
998 542 1089 626 quod
1107 544 1259 627 abstulit,
1292 547 1332 610 in

211 625 348 710 duplum
366 626 535 705 rectituat,
562 633 596 686 et
613 623 828 708 weregildum
853 646 946 688 auum
955 623 1006 706 s).
1123 653 1129 662 ⁴

292 711 332 775 V.
373 708 408 768 Si
433 728 544 772 cervus
578 707 660 768 furti
682 729 757 770 reus
790 729 858 770 erae
893 707 1038 789 dicatur,
1081 707 1232 773 dominus
1255 710 1331 776 eiua

208 791 244 854 in
269 789 463 858 vestimento
486 812 545 853 auo
574 798 809 851 sacramentum
832 810 892 873 pro
919 790 979 852 illo
1003 791 1159 874 perficiat.

292 873 351 937 VI.
391 875 458 936 Aut
477 873 503 934 si
518 893 570 936 rea
586 871 716 968 grandia
736 882 804 933 erat
823 880 880 953 g),
908 872 942 934 in
963 874 1114 956 reliquiis
1130 877 1234 957 Iurat,
1260 900 1330 942 cer-

206 977 285 1023 vum
310 965 419 1018 autem
440 955 481 1017 ad
501 955 661 1017 iudicium
687 953 751 1016 Dei
771 955 806 1015 in
828 977 912 1037 aqua
931 955 1267 1028 ferventiereminet.

290 1037 367 1102 VII.
409 1039 506 1119 Quod
534 1038 563 1101 ei
584 1057 698 1101 cervus
711 1037 746 1096 in
770 1037 895 1100 iudicio
910 1039 1102 1122 approbatae
1121 1043 1159 1116 le)
1184 1063 1327 1126 apparu·-

207 1121 287 1202 erit‚
319 1120 371 1185 vel
397 1122 563 1185 conieaaua
598 1119 721 1197 fuerit,
761 1121 875 1202 quanti
896 1141 970 1200 rea,
1017 1144 1101 1205 quae
1127 1123 1232 1185 ablata
1252 1126 1327 1190 fue-

206 1206 252 1268 rit
260 1223 275 1286 ,⁴
307 1201 542 1283 aestimabitur,
581 1212 710 1264 tantum
741 1202 891 1264 domiuus
922 1215 983 1287 pro
1011 1226 1106 1268 aervo
1130 1219 1321 1289 componat,

207 1295 241 1372 et
265 1305 376 1350 eervua
399 1287 547 1371 vapulet,
568 1285 630 1350 uisi
651 1280 799 1346 domiuus
816 1294 957 1369 quatuor
970 1287 1085 1354 aolidia
1104 1287 1323 1360 coriameiua

206 1369 367 1434 redimere
387 1369 538 1432 voluerit.

289 1451 382 1517 VIII.
423 1451 459 1514 Si
505 1451 556 1514 uie
586 1450 620 1512 in
639 1449 963 1534 furtodepreluenaut
982 1451 1102 1531 fuerit,
1131 1461 1164 1516 et
1182 1453 1221 1516 ab
1240 1455 1321 1538 ipso,

206 1534 265 1617 qui
285 1553 364 1596 eum
393 1471 627 1619 deprtiiaendit,
657 1533 738 1594 furti
764 1543 932 1616 arguatur,
961 1545 994 1597 et
1022 1535 1205 1620 negaverit,
1236 1539 1320 1604 iuret

129 1674 131 1680 .
208 1628 344 1700 uterque
367 1618 474 1698 solua,
496 1627 529 1680 et
551 1617 593 1680 ad
614 1615 885 1679 examinationem
901 1617 1059 1682 ferventia
1078 1639 1179 1700 equae
1198 1620 1320 1683 iudicio

206 1700 270 1762 nei
291 1698 481 1783 probandae
509 1700 656 1763 accedat:
690 1698 718 1760 si
746 1696 821 1776 ille,
844 1698 902 1782 qui
927 1699 1068 1763 furasse
1091 1700 1229 1782 dicitur,
1250 1705 1320 1766 fue-

205 1783 250 1846 rit
267 1780 454 1862 convictus,
481 1791 653 1864 componat
670 1780 882 1863 weregildum
897 1803 991 1844 auum
1011 1783 1051 1845 ad
1069 1793 1192 1866 partem
1205 1785 1320 1870 Regis,

196 1871 242 1928 ,et
268 1883 400 1929 manum
423 1867 490 1928 Lx.
517 1864 611 1928 eolid.
640 1863 805 1944 redimat,
822 1872 855 1927 et
881 1863 916 1925 iu
938 1865 1055 1949 simplo
1076 1865 1157 1930 furti
1186 1889 1320 1953 compo-

187 1949 357 2012 'ait'muem
383 1949 538 2014 exsolvat

189 2057 191 2063 ·
289 2030 350 2098 IX.
391 2029 427 2092 si
450 2029 599 2108 varaia,
626 2029 685 2114 qui
705 2029 805 2092 alium
831 2029 938 2090 furem
970 2029 1211 2114 interpellavit,
1236 2031 1318 2096 falco

206 2134 282 2175 eum
306 2113 519 2176 calumniatus
549 2122 614 2191 eat,
655 2121 694 2175 et
713 2112 748 2172 in
784 2111 908 2173 iudicio
931 2113 1218 2197 ferventiajaquae
1245 2115 1316 2179 fue·

201 2195 250 2258 rit
265 2195 450 2276 convictus,
483 2193 553 2260 LX.
580 2193 693 2266 solidis
718 2215 850 2256 manum
871 2215 963 2258 auam
983 2195 1131 2260 redimat.

262 2345 354 2418 Trr.
380 2346 446 2421 IV.
483 2346 542 2416 De
563 2368 677 2430 ⁴corvo
701 2356 763 2418 aut
786 2346 948 2418 iumento
978 2346 1098 2419 alieno
1124 2351 1255 2422 occiso.

285 2476 311 2540 1.
349 2475 389 2538 ‘si
414 2475 486 2559 quis
508 2495 638 2539 cervum
663 2473 794 2538 alterius
818 2475 994 2556 occiderit,
1027 2487 1199 2564 componat
1220 2501 1314 2560 eum,

198 2565 294 2622 urta
319 2558 409 2642 quod
427 2581 446 2620 a
468 2558 600 2620 domino
619 2557 689 2620 eiua
710 2558 811 2620 fuerit
833 2559 1024 2628 aestimatus.

283 2641 330 2706 II.
371 2640 529 2704 Similiter
544 2640 620 2725 equi
644 2649 678 2702 et
700 2641 818 2719 boves,
849 2663 943 2719 ovea,
972 2655 1106 2728 caprae,
1134 2643 1245 2728 porci,
1279 2653 1315 2706 et

185 2722 361 2808 ,quicquid
388 2724 507 2788 mobile
537 2723 572 2785 iu
597 2721 814 2786 animantibus
842 2724 884 2786 ad
905 2747 998 2786 usum
1022 2723 1192 2787 hominum
1211 2725 1316 2809 perli-

199 2817 280 2886 αυτ,
299 2827 409 2889 usque
430 2807 472 2870 ad
493 2828 623 2886 canem,
652 2807 697 2868 ita
720 2808 904 2887 solvantur,
932 2816 1029 2892 prout
1051 2809 1217 2872 fuerintva
1240 2831 1315 2896 pos·

202 2909 325 2953 maore
354 2910 465 2956 earum
489 2890 676 2972 adpretiata.
791 2921 803 2936 ·

194 3001 211 3068 '.
284 2973 342 3038 111.
382 2972 447 3036 Aut
463 2973 502 3038 ‘ai
526 2972 715 3056 negaverit,
749 2968 840 3034 iuxta
866 2972 956 3057 quod
990 2970 1091 3038 iudex
1119 2972 1313 3052 dictaverit,

202 3064 297 3120 aurat.
580 3099 581 3102 η

269 3138 328 3190 Hoc
345 3137 417 3192 inter
435 3137 556 3192 Laubaci
579 3135 778 3192 etcmcfalam
799 3138 829 3210 ι’).
1003 3179 1006 3184 .

284 3208 340 3268 IV.
380 3210 503 3270 Canem
523 3207 771 3290 acceptoricium
786 3209 839 3270 vel
851 3207 1024 3271 bracenam
1037 3227 1191 3290 parvum,
1213 3227 1308 3292 quem

199 3284 440 3354 barmbrac‘cum
454 3300 589 3368 vocant,
618 3290 676 3351 III.
697 3289 791 3351 solid.
812 3291 847 3364 lc)
865 3299 1046 3374 componat

197 3443 256 3514 sd·
281 3371 322 3509 lg.
362 3373 447 3457 Eum
472 3383 594 3454 autem,
620 3371 676 3456 qui
690 3372 804 3455 lupum
822 3373 971 3436 occidere
991 3375 1092 3452 solet,
1115 3373 1241 3437 duobus
1259 3393 1307 3436 ao·

212 3475 221 3511 t
248 3474 273 3515 ts
312 3463 338 3528 ).

196 3615 218 3678 b
281 3536 446 3682 Vim-Qui
467 3537 609 3602 lacerare
633 3539 765 3623 lupum,
788 3546 830 3611 ‘et
848 3559 915 3600 nou
935 3537 1083 3602 occidere
1109 3538 1208 3618 solet,
1230 3538 1314 3602 duo-

219 3639 256 3680 ue
284 3639 319 3679 ao
335 3637 352 3678 ι’
370 3643 406 3681 rs.

268 3701 350 3763 'VII
393 3702 514 3766 Canem
543 3703 708 3767 custodem
734 3704 860 3788 pecoris
889 3705 995 3768 solido
1022 3712 1201 3787 componat.

265 3783 350 3839 Trans
368 3786 453 3839 Laub.
473 3803 568 3840 canem
587 3797 756 3856 acceptorem
770 3787 1057 3853 VIII.,Barmbracum
1074 3789 1152 3853 xm,
1163 3783 1306 3842 custodem

296 3872 425 3927 pecorum
450 3857 495 3912 vel
512 3857 607 3912 domuc
625 3857 691 3923 IV„
710 3857 759 3931 qai
776 3858 873 3930 lupum
890 3858 994 3914 lacerat
1009 3861 1081 3915 lel
1098 3858 1148 3929 m).

203 3961 637 3982 ——u—-u--u—u—-nt——n

264 4042 290 4112 c)
317 4007 395 4094 Lind.
420 4059 472 4094 aua
492 4053 572 4094 sexta
594 4058 686 4095 manu.
761 4041 798 4111 f)
818 4039 928 4094 Herold.
953 4047 982 4095 et
1003 4039 1080 4097 tint.
1100 4039 1233 4096 adducta
1269 4035 1312 4090 ad

168 4124 298 4180 ,partem
316 4113 354 4166 lle
374 4113 396 4163 is
412 4129 464 4180 pro
482 4109 572 4184 freda
589 4129 646 4163 com
667 4123 742 4164 onae.
811 4112 843 4182 g)
866 4111 947 4167 Lind.
973 4114 1034 4164 erit.
1087 4110 1117 4180 lt)
1139 4108 1251 4162 Herold.
1280 4118 1312 4162 et

167 4175 170 4191 ¹
194 4179 272 4232 Lind.
299 4130 438 4248 prodatur.
508 4182 533 4248 i)
557 4130 669 4236 Heruli.
695 4189 723 4235 et
748 4181 825 4233 Lind.
847 4181 1012 4247 Sincsalam.
1083 4179 1113 4250 lt)
1134 4177 1247 4231 Ilarold.
1277 4186 1310 4230 et

193 4248 271 4300 Lind.
292 4251 356 4302 1111.
374 4248 454 4302 solid.
524 4251 552 4321 l)
569 4250 679 4304 Herold.
696 4261 724 4305 ct
740 4251 817 4308 tina.
834 4251 889 4305 111.
908 4249 989 4306 solid.
1060 4249 1097 4318 aa)
1115 4248 1193 4304 liud.
1213 4209 1317 4304 addita

191 4317 272 4368 solid.
294 4333 445 4392 comportat.
