<?xml version="1.0" encoding="UTF-8"?>
<!DOCTYPE html PUBLIC "-//W3C//DTD XHTML 1.0 Transitional//EN"
    "http://www.w3.org/TR/xhtml1/DTD/xhtml1-transitional.dtd">
<html xmlns="http://www.w3.org/1999/xhtml" xml:lang="en" lang="en">
 <head>
  <title>
</title>
<meta http-equiv="Content-Type" content="text/html;charset=utf-8" />
  <meta name='ocr-system' content='tesseract 3.04.00' />
  <meta name='ocr-capabilities' content='ocr_page ocr_carea ocr_par ocr_line ocrx_word'/>
</head>
<body>
  <div class='ocr_page' id='page_1' title='image "./corpusiurisgerm02visigoog/corpusiurisgerm02visigoog_0420.png"; bbox 0 0 2900 5020; ppageno 0'>
   <div class='ocr_carea' id='block_1_1' title="bbox 392 307 1254 418">
    <p class='ocr_par' dir='ltr' id='par_1_1' title="bbox 392 307 1254 418">
     <span class='ocr_line' id='line_1_1' title="bbox 392 307 1254 418; baseline -0.001 -30"><span class='ocrx_word' id='word_1_1' title='bbox 392 329 560 391; x_wconf 72' lang='lat' dir='ltr'><strong>EDICTUM</strong></span> <span class='ocrx_word' id='word_1_2' title='bbox 577 326 799 418; x_wconf 79' lang='lat' dir='ltr'><strong>naronamcr</strong></span> <span class='ocrx_word' id='word_1_3' title='bbox 819 325 923 386; x_wconf 79' lang='lat' dir='ltr'><strong>sams</strong></span> <span class='ocrx_word' id='word_1_4' title='bbox 959 307 961 314; x_wconf 77' lang='grc'>’</span> <span class='ocrx_word' id='word_1_5' title='bbox 1180 319 1254 393; x_wconf 83' lang='grc'><strong>401</strong></span> 
     </span>
    </p>
   </div>
   <div class='ocr_carea' id='block_1_2' title="bbox 93 468 1326 4268">
    <p class='ocr_par' dir='ltr' id='par_1_2' title="bbox 145 468 1261 1052">
     <span class='ocr_line' id='line_1_2' title="bbox 145 468 1258 558; baseline -0.001 -15"><span class='ocrx_word' id='word_1_6' title='bbox 145 479 298 543; x_wconf 86' lang='lat' dir='ltr'><strong>dietatem</strong></span> <span class='ocrx_word' id='word_1_7' title='bbox 324 471 423 558; x_wconf 89' lang='lat' dir='ltr'><strong>pretii</strong></span> <span class='ocrx_word' id='word_1_8' title='bbox 451 471 509 535; x_wconf 40' lang='lat' dir='ltr'><strong>rei.</strong></span> <span class='ocrx_word' id='word_1_9' title='bbox 531 468 711 533; x_wconf 76' lang='lat' dir='ltr'><strong>aestimatae</strong></span> <span class='ocrx_word' id='word_1_10' title='bbox 737 468 813 532; x_wconf 86' lang='lat' dir='ltr'><strong>fisco</strong></span> <span class='ocrx_word' id='word_1_11' title='bbox 843 479 977 553; x_wconf 80' lang='lat' dir='ltr'><strong>cogatur</strong></span> <span class='ocrx_word' id='word_1_12' title='bbox 1001 471 1138 538; x_wconf 77' lang='lat' dir='ltr'><strong>inferre.</strong></span> <span class='ocrx_word' id='word_1_13' title='bbox 1183 481 1258 557; x_wconf 90' lang='lat' dir='ltr'><strong>Qua</strong></span> 
     </span>
     <span class='ocr_line' id='line_1_3' title="bbox 146 554 1258 646; baseline 0 -24"><span class='ocrx_word' id='word_1_14' title='bbox 146 583 252 646; x_wconf 88' lang='lat' dir='ltr'><strong>poena</strong></span> <span class='ocrx_word' id='word_1_15' title='bbox 266 557 371 620; x_wconf 91' lang='lat' dir='ltr'><strong>teneri</strong></span> <span class='ocrx_word' id='word_1_16' title='bbox 389 554 602 638; x_wconf 88' lang='lat' dir='ltr'><strong>praecipimus</strong></span> <span class='ocrx_word' id='word_1_17' title='bbox 621 554 718 613; x_wconf 89' lang='lat' dir='ltr'><strong>etiam</strong></span> <span class='ocrx_word' id='word_1_18' title='bbox 738 575 809 630; x_wconf 88' lang='lat' dir='ltr'><strong>eos,</strong></span> <span class='ocrx_word' id='word_1_19' title='bbox 832 554 889 633; x_wconf 87' lang='lat' dir='ltr'><strong>qui</strong></span> <span class='ocrx_word' id='word_1_20' title='bbox 911 557 1028 616; x_wconf 86' lang='lat' dir='ltr'><strong>remia</strong></span> <span class='ocrx_word' id='word_1_21' title='bbox 1049 560 1106 620; x_wconf 95' lang='lat' dir='ltr'><strong>lite</strong></span> <span class='ocrx_word' id='word_1_22' title='bbox 1120 561 1258 642; x_wconf 90' lang='lat' dir='ltr'><strong>positam</strong></span> 
     </span>
     <span class='ocr_line' id='line_1_4' title="bbox 146 636 1259 724; baseline -0.003 -17"><span class='ocrx_word' id='word_1_23' title='bbox 146 647 181 707; x_wconf 90' lang='lat' dir='ltr'><strong>in</strong></span> <span class='ocrx_word' id='word_1_24' title='bbox 204 641 389 702; x_wconf 89' lang='lat' dir='ltr'><strong>huiusmodi</strong></span> <span class='ocrx_word' id='word_1_25' title='bbox 410 637 585 701; x_wconf 84' lang='lat' dir='ltr'><strong>crediderit</strong></span> <span class='ocrx_word' id='word_1_26' title='bbox 604 636 859 696; x_wconf 73' lang='lat' dir='ltr'><strong>transferendam</strong></span> <span class='ocrx_word' id='word_1_27' title='bbox 875 656 942 700; x_wconf 91' lang='lat' dir='ltr'><strong>esse</strong></span> <span class='ocrx_word' id='word_1_28' title='bbox 961 645 1145 722; x_wconf 79' lang='lat' dir='ltr'><strong>personam5</strong></span> <span class='ocrx_word' id='word_1_29' title='bbox 1174 666 1259 724; x_wconf 89' lang='lat' dir='ltr'><strong>quo-</strong></span> 
     </span>
     <span class='ocr_line' id='line_1_5' title="bbox 149 720 1260 807; baseline -0.01 -19"><span class='ocrx_word' id='word_1_30' title='bbox 149 728 237 788; x_wconf 89' lang='lat' dir='ltr'><strong>niam</strong></span> <span class='ocrx_word' id='word_1_31' title='bbox 254 726 419 798; x_wconf 77' lang='lat' dir='ltr'><strong>volumus,</strong></span> <span class='ocrx_word' id='word_1_32' title='bbox 443 731 480 782; x_wconf 91' lang='lat' dir='ltr'><strong>ut</strong></span> <span class='ocrx_word' id='word_1_33' title='bbox 495 727 616 781; x_wconf 88' lang='lat' dir='ltr'><strong>remota</strong></span> <span class='ocrx_word' id='word_1_34' title='bbox 633 720 988 800; x_wconf 87' lang='lat' dir='ltr'><strong>persona-potentioris,</strong></span> <span class='ocrx_word' id='word_1_35' title='bbox 1010 745 1114 806; x_wconf 81' lang='lat' dir='ltr'><strong>aequa</strong></span> <span class='ocrx_word' id='word_1_36' title='bbox 1130 727 1260 807; x_wconf 73' lang='lat' dir='ltr'><strong>iurgan-</strong></span> 
     </span>
     <span class='ocr_line' id='line_1_6' title="bbox 148 801 1260 888; baseline -0.003 -17"><span class='ocrx_word' id='word_1_37' title='bbox 148 821 197 872; x_wconf 86' lang='lat' dir='ltr'><strong>tes</strong></span> <span class='ocrx_word' id='word_1_38' title='bbox 218 817 301 870; x_wconf 85' lang='lat' dir='ltr'><strong>sorte</strong></span> <span class='ocrx_word' id='word_1_39' title='bbox 327 805 511 888; x_wconf 84' lang='lat' dir='ltr'><strong>confligant.</strong></span> <span class='ocrx_word' id='word_1_40' title='bbox 563 801 779 882; x_wconf 88' lang='lat' dir='ltr'><strong>Litigantibns</strong></span> <span class='ocrx_word' id='word_1_41' title='bbox 799 821 876 863; x_wconf 79' lang='lat' dir='ltr'><strong>vero</strong></span> <span class='ocrx_word' id='word_1_42' title='bbox 904 814 974 884; x_wconf 91' lang='lat' dir='ltr'><strong>post</strong></span> <span class='ocrx_word' id='word_1_43' title='bbox 996 828 1124 868; x_wconf 84' lang='lat' dir='ltr'><strong>caussae</strong></span> <span class='ocrx_word' id='word_1_44' title='bbox 1147 808 1260 868; x_wconf 85' lang='lat' dir='ltr'><strong>termi-</strong></span> 
     </span>
     <span class='ocr_line' id='line_1_7' title="bbox 151 881 1261 972; baseline -0.001 -19"><span class='ocrx_word' id='word_1_45' title='bbox 151 915 254 967; x_wconf 85' lang='lat' dir='ltr'><strong>num,</strong></span> <span class='ocrx_word' id='word_1_46' title='bbox 278 889 439 972; x_wconf 82' lang='lat' dir='ltr'><strong>largiendi</strong></span> <span class='ocrx_word' id='word_1_47' title='bbox 458 884 548 968; x_wconf 88' lang='lat' dir='ltr'><strong>qnod</strong></span> <span class='ocrx_word' id='word_1_48' title='bbox 570 883 727 962; x_wconf 83' lang='lat' dir='ltr'><strong>vicerint,</strong></span> <span class='ocrx_word' id='word_1_49' title='bbox 749 881 803 944; x_wconf 89' lang='lat' dir='ltr'><strong>cui</strong></span> <span class='ocrx_word' id='word_1_50' title='bbox 820 883 985 947; x_wconf 84' lang='lat' dir='ltr'><strong>voluerint</strong></span> <span class='ocrx_word' id='word_1_51' title='bbox 1000 909 1157 971; x_wconf 88' lang='lat' dir='ltr'><strong>personae</strong></span> <span class='ocrx_word' id='word_1_52' title='bbox 1180 904 1261 952; x_wconf 88' lang='lat' dir='ltr'><strong>con-</strong></span> 
     </span>
     <span class='ocr_line' id='line_1_8' title="bbox 153 966 913 1052; baseline -0.013 -14"><span class='ocrx_word' id='word_1_53' title='bbox 153 975 296 1038; x_wconf 80' lang='lat' dir='ltr'><strong>cedimus</strong></span> <span class='ocrx_word' id='word_1_54' title='bbox 321 969 542 1052; x_wconf 79' lang='lat' dir='ltr'><strong>potestatem.¹</strong></span> <span class='ocrx_word' id='word_1_55' title='bbox 659 1026 662 1032; x_wconf 92' lang='grc'>,</span> <span class='ocrx_word' id='word_1_56' title='bbox 789 966 794 982; x_wconf 86' lang='grc'><strong>’</strong></span> <span class='ocrx_word' id='word_1_57' title='bbox 908 975 913 984; x_wconf 83' lang='lat'>&#39;</span> 
     </span>
    </p>

    <p class='ocr_par' dir='ltr' id='par_1_3' title="bbox 155 1049 1268 1224">
     <span class='ocr_line' id='line_1_9' title="bbox 234 1049 1268 1133; baseline 0 -15"><span class='ocrx_word' id='word_1_58' title='bbox 234 1055 355 1119; x_wconf 88' lang='lat' dir='ltr'><strong>XLIV.</strong></span> <span class='ocrx_word' id='word_1_59' title='bbox 383 1053 577 1118; x_wconf 74' lang='lat' dir='ltr'><strong>.NulIus-se</strong></span> <span class='ocrx_word' id='word_1_60' title='bbox 607 1059 719 1133; x_wconf 89' lang='lat' dir='ltr'><strong>potens</strong></span> <span class='ocrx_word' id='word_1_61' title='bbox 748 1049 910 1112; x_wconf 89' lang='lat' dir='ltr'><strong>Romanus</strong></span> <span class='ocrx_word' id='word_1_62' title='bbox 940 1060 995 1112; x_wconf 93' lang='lat' dir='ltr'><strong>aut</strong></span> <span class='ocrx_word' id='word_1_63' title='bbox 1015 1053 1171 1118; x_wconf 87' lang='lat' dir='ltr'><strong>Barbarus</strong></span> <span class='ocrx_word' id='word_1_64' title='bbox 1199 1063 1268 1118; x_wconf 89' lang='lat' dir='ltr'><strong>tan·</strong></span> 
     </span>
     <span class='ocr_line' id='line_1_10' title="bbox 155 1131 1028 1224; baseline -0.006 -23"><span class='ocrx_word' id='word_1_65' title='bbox 155 1161 252 1224; x_wconf 89' lang='lat' dir='ltr'><strong>quam</strong></span> <span class='ocrx_word' id='word_1_66' title='bbox 274 1140 427 1200; x_wconf 87' lang='lat' dir='ltr'><strong>defensor</strong></span> <span class='ocrx_word' id='word_1_67' title='bbox 449 1144 505 1195; x_wconf 88' lang='lat' dir='ltr'><strong>aut</strong></span> <span class='ocrx_word' id='word_1_68' title='bbox 526 1131 713 1216; x_wconf 86' lang='lat' dir='ltr'><strong>suffragator</strong></span> <span class='ocrx_word' id='word_1_69' title='bbox 735 1133 865 1213; x_wconf 88' lang='lat' dir='ltr'><strong>negotio</strong></span> <span class='ocrx_word' id='word_1_70' title='bbox 886 1133 1028 1196; x_wconf 88' lang='lat' dir='ltr'><strong>misceat.</strong></span> 
     </span>
    </p>

    <p class='ocr_par' dir='ltr' id='par_1_4' title="bbox 156 1214 1269 1466">
     <span class='ocr_line' id='line_1_11' title="bbox 238 1214 1269 1302; baseline 0.003 -25"><span class='ocrx_word' id='word_1_71' title='bbox 238 1221 339 1284; x_wconf 88' lang='lat' dir='ltr'><strong>XLV.</strong></span> <span class='ocrx_word' id='word_1_72' title='bbox 380 1218 497 1279; x_wconf 89' lang='lat' dir='ltr'><strong>Nullus</strong></span> <span class='ocrx_word' id='word_1_73' title='bbox 516 1216 641 1276; x_wconf 86' lang='lat' dir='ltr'><strong>alienae</strong></span> <span class='ocrx_word' id='word_1_74' title='bbox 661 1217 709 1276; x_wconf 86' lang='lat' dir='ltr'><strong>rei</strong></span> <span class='ocrx_word' id='word_1_75' title='bbox 727 1214 781 1275; x_wconf 80' lang='lat' dir='ltr'><strong>rel</strong></span> <span class='ocrx_word' id='word_1_76' title='bbox 807 1235 882 1276; x_wconf 85' lang='lat' dir='ltr'><strong>suaa</strong></span> <span class='ocrx_word' id='word_1_77' title='bbox 902 1216 1015 1279; x_wconf 88' lang='lat' dir='ltr'><strong>titulos</strong></span> <span class='ocrx_word' id='word_1_78' title='bbox 1035 1239 1165 1302; x_wconf 87' lang='lat' dir='ltr'><strong>prorsus</strong></span> <span class='ocrx_word' id='word_1_79' title='bbox 1191 1220 1269 1281; x_wconf 90' lang='lat' dir='ltr'><strong>adli-</strong></span> 
     </span>
     <span class='ocr_line' id='line_1_12' title="bbox 157 1297 1267 1388; baseline 0.001 -24"><span class='ocrx_word' id='word_1_80' title='bbox 157 1313 228 1388; x_wconf 85' lang='lat' dir='ltr'><strong>gat:</strong></span> <span class='ocrx_word' id='word_1_81' title='bbox 257 1324 331 1365; x_wconf 88' lang='lat' dir='ltr'><strong>oum</strong></span> <span class='ocrx_word' id='word_1_82' title='bbox 352 1301 413 1363; x_wconf 86' lang='lat' dir='ltr'><strong>soli</strong></span> <span class='ocrx_word' id='word_1_83' title='bbox 427 1301 502 1360; x_wconf 89' lang='lat' dir='ltr'><strong>fisco</strong></span> <span class='ocrx_word' id='word_1_84' title='bbox 520 1298 583 1359; x_wconf 91' lang='lat' dir='ltr'><strong>hoc</strong></span> <span class='ocrx_word' id='word_1_85' title='bbox 600 1297 829 1381; x_wconf 81' lang='lat' dir='ltr'><strong>privilegium,</strong></span> <span class='ocrx_word' id='word_1_86' title='bbox 858 1297 908 1360; x_wconf 89' lang='lat' dir='ltr'><strong>his</strong></span> <span class='ocrx_word' id='word_1_87' title='bbox 930 1321 1012 1383; x_wconf 87' lang='lat' dir='ltr'><strong>qnae</strong></span> <span class='ocrx_word' id='word_1_88' title='bbox 1032 1301 1176 1384; x_wconf 87' lang='lat' dir='ltr'><strong>possidet</strong></span> <span class='ocrx_word' id='word_1_89' title='bbox 1196 1302 1267 1366; x_wconf 87' lang='lat' dir='ltr'><strong>iure</strong></span> 
     </span>
     <span class='ocr_line' id='line_1_13' title="bbox 156 1382 1200 1466; baseline -0.014 -13"><span class='ocrx_word' id='word_1_90' title='bbox 156 1389 209 1453; x_wconf 74' lang='lat' dir='ltr'><strong>vel</strong></span> <span class='ocrx_word' id='word_1_91' title='bbox 232 1405 384 1466; x_wconf 87' lang='lat' dir='ltr'><strong>corpore,</strong></span> <span class='ocrx_word' id='word_1_92' title='bbox 405 1382 555 1464; x_wconf 82' lang='lat' dir='ltr'><strong>videatur</strong></span> <span class='ocrx_word' id='word_1_93' title='bbox 574 1401 642 1456; x_wconf 87' lang='lat' dir='ltr'><strong>esse</strong></span> <span class='ocrx_word' id='word_1_94' title='bbox 663 1401 862 1441; x_wconf 87' lang='lat' dir='ltr'><strong>conoessum.</strong></span> <span class='ocrx_word' id='word_1_95' title='bbox 1197 1429 1200 1438; x_wconf 90' lang='lat'><strong>.</strong></span> 
     </span>
    </p>

    <p class='ocr_par' dir='ltr' id='par_1_5' title="bbox 145 1461 1273 1714">
     <span class='ocr_line' id='line_1_14' title="bbox 241 1461 1270 1552; baseline -0.011 -24"><span class='ocrx_word' id='word_1_96' title='bbox 241 1467 361 1532; x_wconf 86' lang='lat' dir='ltr'><strong>XLVI.</strong></span> <span class='ocrx_word' id='word_1_97' title='bbox 403 1466 434 1525; x_wconf 93' lang='lat' dir='ltr'><strong>Is</strong></span> <span class='ocrx_word' id='word_1_98' title='bbox 450 1465 506 1548; x_wconf 91' lang='lat' dir='ltr'><strong>qui</strong></span> <span class='ocrx_word' id='word_1_99' title='bbox 523 1469 556 1522; x_wconf 84' lang='lat' dir='ltr'><strong>ln</strong></span> <span class='ocrx_word' id='word_1_100' title='bbox 576 1483 616 1523; x_wconf 74' lang='lat' dir='ltr'><strong>‘ca</strong></span> <span class='ocrx_word' id='word_1_101' title='bbox 628 1484 663 1524; x_wconf 91' lang='lat' dir='ltr'><strong>re</strong></span> <span class='ocrx_word' id='word_1_102' title='bbox 685 1483 779 1544; x_wconf 90' lang='lat' dir='ltr'><strong>quam</strong></span> <span class='ocrx_word' id='word_1_103' title='bbox 798 1461 959 1545; x_wconf 88' lang='lat' dir='ltr'><strong>possidet,</strong></span> <span class='ocrx_word' id='word_1_104' title='bbox 982 1461 1098 1525; x_wconf 89' lang='lat' dir='ltr'><strong>indicis</strong></span> <span class='ocrx_word' id='word_1_105' title='bbox 1118 1461 1270 1552; x_wconf 85' lang='lat' dir='ltr'><strong>praecep.</strong></span> 
     </span>
     <span class='ocr_line' id='line_1_15' title="bbox 145 1543 1273 1627; baseline -0.003 -11"><span class='ocrx_word' id='word_1_106' title='bbox 145 1553 247 1616; x_wconf 49' lang='lat' dir='ltr'><strong>¹tione</strong></span> <span class='ocrx_word' id='word_1_107' title='bbox 269 1556 466 1625; x_wconf 81' lang='lat' dir='ltr'><strong>conventus,</strong></span> <span class='ocrx_word' id='word_1_108' title='bbox 506 1543 637 1606; x_wconf 88' lang='lat' dir='ltr'><strong>titulum</strong></span> <span class='ocrx_word' id='word_1_109' title='bbox 659 1544 799 1627; x_wconf 87' lang='lat' dir='ltr'><strong>potentis</strong></span> <span class='ocrx_word' id='word_1_110' title='bbox 827 1546 957 1608; x_wconf 77' lang='lat' dir='ltr'><strong>n&#39;omine</strong></span> <span class='ocrx_word' id='word_1_111' title='bbox 986 1547 1131 1608; x_wconf 82' lang='lat' dir='ltr'><strong>adfixum</strong></span> <span class='ocrx_word' id='word_1_112' title='bbox 1161 1552 1273 1613; x_wconf 88' lang='lat' dir='ltr'><strong>adver-</strong></span> 
     </span>
     <span class='ocr_line' id='line_1_16' title="bbox 158 1627 1270 1714; baseline 0.002 -20"><span class='ocrx_word' id='word_1_113' title='bbox 158 1636 243 1700; x_wconf 85' lang='lat' dir='ltr'><strong>sario</strong></span> <span class='ocrx_word' id='word_1_114' title='bbox 256 1655 315 1696; x_wconf 87' lang='lat' dir='ltr'><strong>suo</strong></span> <span class='ocrx_word' id='word_1_115' title='bbox 329 1629 505 1692; x_wconf 88' lang='lat' dir='ltr'><strong>crediderit</strong></span> <span class='ocrx_word' id='word_1_116' title='bbox 522 1629 771 1710; x_wconf 88' lang='lat' dir='ltr'><strong>opponendum,</strong></span> <span class='ocrx_word' id='word_1_117' title='bbox 795 1627 863 1688; x_wconf 88' lang='lat' dir='ltr'><strong>eius</strong></span> <span class='ocrx_word' id='word_1_118' title='bbox 881 1629 1087 1710; x_wconf 86' lang='lat' dir='ltr'><strong>possessionis</strong></span> <span class='ocrx_word' id='word_1_119' title='bbox 1102 1642 1156 1695; x_wconf 91' lang='lat' dir='ltr'><strong>aut</strong></span> <span class='ocrx_word' id='word_1_120' title='bbox 1168 1656 1270 1714; x_wconf 86' lang='lat' dir='ltr'><strong>casae,</strong></span> 
     </span>
    </p>

    <p class='ocr_par' dir='ltr' id='par_1_6' title="bbox 93 1711 1322 1944">
     <span class='ocr_line' id='line_1_17' title="bbox 93 1711 1322 1800; baseline -0.001 -23"><span class='ocrx_word' id='word_1_121' title='bbox 93 1721 96 1728; x_wconf 80' lang='grc'><strong>“</strong></span> <span class='ocrx_word' id='word_1_122' title='bbox 159 1739 256 1800; x_wconf 89' lang='lat' dir='ltr'><strong>quam</strong></span> <span class='ocrx_word' id='word_1_123' title='bbox 275 1715 334 1778; x_wconf 90' lang='lat' dir='ltr'><strong>sub</strong></span> <span class='ocrx_word' id='word_1_124' title='bbox 356 1713 416 1774; x_wconf 87' lang='lat' dir='ltr'><strong>hac</strong></span> <span class='ocrx_word' id='word_1_125' title='bbox 440 1711 555 1772; x_wconf 87' lang='lat' dir='ltr'><strong>fraude</strong></span> <span class='ocrx_word' id='word_1_126' title='bbox 577 1711 741 1770; x_wconf 86' lang='lat' dir='ltr'><strong>vindicare</strong></span> <span class='ocrx_word' id='word_1_127' title='bbox 763 1713 985 1792; x_wconf 82' lang='lat' dir='ltr'><strong>temptaverit,</strong></span> <span class='ocrx_word' id='word_1_128' title='bbox 1014 1713 1183 1776; x_wconf 91' lang='lat' dir='ltr'><strong>amissione</strong></span> <span class='ocrx_word' id='word_1_129' title='bbox 1213 1739 1272 1798; x_wconf 89' lang='lat' dir='ltr'><strong>pu·</strong></span> <span class='ocrx_word' id='word_1_130' title='bbox 1316 1711 1322 1714; x_wconf 57' lang='grc'><strong>’</strong></span> 
     </span>
     <span class='ocr_line' id='line_1_18' title="bbox 150 1791 1274 1896; baseline 0.001 -37"><span class='ocrx_word' id='word_1_131' title='bbox 150 1801 284 1860; x_wconf 73' lang='lat' dir='ltr'><strong>niutan:</strong></span> <span class='ocrx_word' id='word_1_132' title='bbox 316 1817 377 1857; x_wconf 91' lang='lat' dir='ltr'><strong>nec</strong></span> <span class='ocrx_word' id='word_1_133' title='bbox 392 1792 588 1876; x_wconf 85' lang='lat' dir='ltr'><strong>repetendae</strong></span> <span class='ocrx_word' id='word_1_134' title='bbox 611 1791 766 1870; x_wconf 90' lang='lat' dir='ltr'><strong>actionis,</strong></span> <span class='ocrx_word' id='word_1_135' title='bbox 790 1794 849 1854; x_wconf 88' lang='lat' dir='ltr'><strong>etsi</strong></span> <span class='ocrx_word' id='word_1_136' title='bbox 871 1804 1052 1880; x_wconf 86' lang='lat' dir='ltr'><strong>competere</strong></span> <span class='ocrx_word' id='word_1_137' title='bbox 1060 1798 1183 1896; x_wconf 80' lang='lat' dir='ltr'><strong>possit,</strong></span> <span class='ocrx_word' id='word_1_138' title='bbox 1212 1799 1274 1860; x_wconf 89' lang='lat' dir='ltr'><strong>ha-</strong></span> 
     </span>
     <span class='ocr_line' id='line_1_19' title="bbox 160 1881 447 1944; baseline -0.028 0"><span class='ocrx_word' id='word_1_139' title='bbox 160 1882 235 1944; x_wconf 87' lang='lat' dir='ltr'><strong>beat</strong></span> <span class='ocrx_word' id='word_1_140' title='bbox 250 1881 447 1942; x_wconf 76' lang='lat' dir='ltr'><strong>facultatem.</strong></span> 
     </span>
    </p>

    <p class='ocr_par' dir='ltr' id='par_1_7' title="bbox 165 1954 1318 2125">
     <span class='ocr_line' id='line_1_20' title="bbox 245 1954 1318 2046; baseline 0.003 -24"><span class='ocrx_word' id='word_1_141' title='bbox 245 1962 376 2024; x_wconf 83' lang='lat' dir='ltr'><strong>XLVII.</strong></span> <span class='ocrx_word' id='word_1_142' title='bbox 418 1958 480 2018; x_wconf 92' lang='lat' dir='ltr'><strong>IIIe</strong></span> <span class='ocrx_word' id='word_1_143' title='bbox 506 1977 585 2021; x_wconf 75' lang='lat' dir='ltr'><strong>vcro</strong></span> <span class='ocrx_word' id='word_1_144' title='bbox 605 1954 661 2037; x_wconf 87' lang='lat' dir='ltr'><strong>qui</strong></span> <span class='ocrx_word' id='word_1_145' title='bbox 681 1975 824 2037; x_wconf 86' lang='lat' dir='ltr'><strong>possessa</strong></span> <span class='ocrx_word' id='word_1_146' title='bbox 852 1956 891 2017; x_wconf 93' lang='lat' dir='ltr'><strong>ab</strong></span> <span class='ocrx_word' id='word_1_147' title='bbox 914 1957 985 2022; x_wconf 90' lang='lat' dir='ltr'><strong>aliis</strong></span> <span class='ocrx_word' id='word_1_148' title='bbox 1012 1961 1145 2046; x_wconf 90' lang='lat' dir='ltr'><strong>praedia</strong></span> <span class='ocrx_word' id='word_1_149' title='bbox 1169 1961 1274 2026; x_wconf 86' lang='lat' dir='ltr'><strong>titulis</strong></span> <span class='ocrx_word' id='word_1_150' title='bbox 1316 2035 1318 2039; x_wconf 66' lang='lat'>,</span> 
     </span>
     <span class='ocr_line' id='line_1_21' title="bbox 165 2039 700 2125; baseline -0.009 -18"><span class='ocrx_word' id='word_1_151' title='bbox 165 2043 388 2125; x_wconf 82' lang='lat' dir='ltr'><strong>occupaverit,</strong></span> <span class='ocrx_word' id='word_1_152' title='bbox 411 2041 514 2123; x_wconf 91' lang='lat' dir='ltr'><strong>capite</strong></span> <span class='ocrx_word' id='word_1_153' title='bbox 537 2039 700 2121; x_wconf 86' lang='lat' dir='ltr'><strong>puniatur.</strong></span> 
     </span>
    </p>

    <p class='ocr_par' dir='ltr' id='par_1_8' title="bbox 121 2120 1277 2707">
     <span class='ocr_line' id='line_1_22' title="bbox 247 2120 1273 2204; baseline 0.005 -17"><span class='ocrx_word' id='word_1_154' title='bbox 247 2126 402 2188; x_wconf 79' lang='lat' dir='ltr'><strong>XLVIII.</strong></span> <span class='ocrx_word' id='word_1_155' title='bbox 455 2122 602 2183; x_wconf 88' lang='lat' dir='ltr'><strong>Libertos</strong></span> <span class='ocrx_word' id='word_1_156' title='bbox 635 2120 844 2202; x_wconf 86' lang='lat' dir='ltr'><strong>originarios,</strong></span> <span class='ocrx_word' id='word_1_157' title='bbox 878 2122 932 2183; x_wconf 80' lang='lat' dir='ltr'><strong>vel</strong></span> <span class='ocrx_word' id='word_1_158' title='bbox 964 2145 1089 2204; x_wconf 82' lang='lat' dir='ltr'><strong>servos,</strong></span> <span class='ocrx_word' id='word_1_159' title='bbox 1126 2128 1273 2192; x_wconf 91' lang='lat' dir='ltr'><strong>dominos</strong></span> 
     </span>
     <span class='ocr_line' id='line_1_23' title="bbox 121 2202 1276 2294; baseline 0.001 -25"><span class='ocrx_word' id='word_1_160' title='bbox 121 2245 122 2250; x_wconf 22' lang='grc' dir='ltr'><strong>κ</strong></span> <span class='ocrx_word' id='word_1_161' title='bbox 166 2219 221 2271; x_wconf 90' lang='lat' dir='ltr'><strong>ant</strong></span> <span class='ocrx_word' id='word_1_162' title='bbox 244 2219 395 2291; x_wconf 88' lang='lat' dir='ltr'><strong>patronos</strong></span> <span class='ocrx_word' id='word_1_163' title='bbox 418 2227 491 2266; x_wconf 90' lang='lat' dir='ltr'><strong>suos</strong></span> <span class='ocrx_word' id='word_1_164' title='bbox 510 2223 686 2284; x_wconf 89' lang='lat' dir='ltr'><strong>eorumque</strong></span> <span class='ocrx_word' id='word_1_165' title='bbox 708 2202 826 2265; x_wconf 90' lang='lat' dir='ltr'><strong>liberos</strong></span> <span class='ocrx_word' id='word_1_166' title='bbox 849 2205 1049 2284; x_wconf 86' lang='lat' dir='ltr'><strong>deferentes,</strong></span> <span class='ocrx_word' id='word_1_167' title='bbox 1072 2211 1105 2270; x_wconf 92' lang='lat' dir='ltr'><strong>in</strong></span> <span class='ocrx_word' id='word_1_168' title='bbox 1129 2213 1276 2294; x_wconf 88' lang='lat' dir='ltr'><strong>quolibet</strong></span> 
     </span>
     <span class='ocr_line' id='line_1_24' title="bbox 168 2285 1274 2378; baseline 0.005 -26"><span class='ocrx_word' id='word_1_169' title='bbox 168 2293 297 2374; x_wconf 84' lang='lat' dir='ltr'><strong>negotio</strong></span> <span class='ocrx_word' id='word_1_170' title='bbox 316 2286 664 2369; x_wconf 80' lang='lat' dir='ltr'><strong>prohibemnsau&#39;diri:</strong></span> <span class='ocrx_word' id='word_1_171' title='bbox 697 2285 771 2366; x_wconf 90' lang='lat' dir='ltr'><strong>quia</strong></span> <span class='ocrx_word' id='word_1_172' title='bbox 788 2285 973 2349; x_wconf 86' lang='lat' dir='ltr'><strong>huiusmodi</strong></span> <span class='ocrx_word' id='word_1_173' title='bbox 993 2307 1147 2372; x_wconf 84' lang='lat' dir='ltr'><strong>personae</strong></span> <span class='ocrx_word' id='word_1_174' title='bbox 1167 2317 1274 2378; x_wconf 89' lang='lat' dir='ltr'><strong>neque</strong></span> 
     </span>
     <span class='ocr_line' id='line_1_25' title="bbox 167 2368 1274 2458; baseline 0.005 -24"><span class='ocrx_word' id='word_1_175' title='bbox 167 2374 201 2434; x_wconf 92' lang='lat' dir='ltr'><strong>in</strong></span> <span class='ocrx_word' id='word_1_176' title='bbox 224 2374 394 2449; x_wconf 80' lang='lat' dir='ltr'><strong>civilibus,</strong></span> <span class='ocrx_word' id='word_1_177' title='bbox 416 2392 522 2452; x_wconf 90' lang='lat' dir='ltr'><strong>neque</strong></span> <span class='ocrx_word' id='word_1_178' title='bbox 542 2369 575 2428; x_wconf 91' lang='lat' dir='ltr'><strong>in</strong></span> <span class='ocrx_word' id='word_1_179' title='bbox 600 2368 822 2430; x_wconf 87' lang='lat' dir='ltr'><strong>criminalibus</strong></span> <span class='ocrx_word' id='word_1_180' title='bbox 845 2370 1097 2435; x_wconf 83' lang='lat' dir='ltr'><strong>caussiscontra</strong></span> <span class='ocrx_word' id='word_1_181' title='bbox 1113 2387 1274 2458; x_wconf 63' lang='lat' dir='ltr'><strong>⁴patronos</strong></span> 
     </span>
     <span class='ocr_line' id='line_1_26' title="bbox 167 2450 1277 2536; baseline 0.005 -19"><span class='ocrx_word' id='word_1_182' title='bbox 167 2466 223 2517; x_wconf 89' lang='lat' dir='ltr'><strong>aut</strong></span> <span class='ocrx_word' id='word_1_183' title='bbox 239 2456 385 2517; x_wconf 90' lang='lat' dir='ltr'><strong>dominos</strong></span> <span class='ocrx_word' id='word_1_184' title='bbox 410 2473 587 2533; x_wconf 89' lang='lat' dir='ltr'><strong>corumque</strong></span> <span class='ocrx_word' id='word_1_185' title='bbox 610 2450 746 2527; x_wconf 85' lang='lat' dir='ltr'><strong>liberos,</strong></span> <span class='ocrx_word' id='word_1_186' title='bbox 769 2451 893 2512; x_wconf 85' lang='lat' dir='ltr'><strong>etiamsi</strong></span> <span class='ocrx_word' id='word_1_187' title='bbox 915 2454 1043 2534; x_wconf 89' lang='lat' dir='ltr'><strong>probis</strong></span> <span class='ocrx_word' id='word_1_188' title='bbox 1070 2458 1193 2536; x_wconf 87' lang='lat' dir='ltr'><strong>dicant,</strong></span> <span class='ocrx_word' id='word_1_189' title='bbox 1218 2483 1277 2522; x_wconf 87' lang='lat' dir='ltr'><strong>vo·</strong></span> 
     </span>
     <span class='ocr_line' id='line_1_27' title="bbox 167 2533 1275 2620; baseline 0.003 -19"><span class='ocrx_word' id='word_1_190' title='bbox 167 2561 236 2601; x_wconf 88' lang='lat' dir='ltr'><strong>cem</strong></span> <span class='ocrx_word' id='word_1_191' title='bbox 254 2547 387 2620; x_wconf 90' lang='lat' dir='ltr'><strong>possunt</strong></span> <span class='ocrx_word' id='word_1_192' title='bbox 404 2535 522 2596; x_wconf 90' lang='lat' dir='ltr'><strong>habere</strong></span> <span class='ocrx_word' id='word_1_193' title='bbox 543 2534 733 2614; x_wconf 65' lang='lat' dir='ltr'><strong>legitimam</strong></span> <span class='ocrx_word' id='word_1_194' title='bbox 765 2554 845 2615; x_wconf 90' lang='lat' dir='ltr'><strong>quos</strong></span> <span class='ocrx_word' id='word_1_195' title='bbox 861 2533 894 2593; x_wconf 88' lang='lat' dir='ltr'><strong>in</strong></span> <span class='ocrx_word' id='word_1_196' title='bbox 912 2535 1096 2600; x_wconf 87' lang='lat' dir='ltr'><strong>huiusmodi</strong></span> <span class='ocrx_word' id='word_1_197' title='bbox 1115 2533 1199 2602; x_wconf 86' lang='lat' dir='ltr'><strong>facto</strong></span> <span class='ocrx_word' id='word_1_198' title='bbox 1220 2544 1275 2604; x_wconf 90' lang='lat' dir='ltr'><strong>de·</strong></span> 
     </span>
     <span class='ocr_line' id='line_1_28' title="bbox 165 2616 1274 2707; baseline 0.002 -25"><span class='ocrx_word' id='word_1_199' title='bbox 165 2621 359 2706; x_wconf 87' lang='lat' dir='ltr'><strong>prehensos,</strong></span> <span class='ocrx_word' id='word_1_200' title='bbox 391 2619 426 2678; x_wconf 93' lang='lat' dir='ltr'><strong>in</strong></span> <span class='ocrx_word' id='word_1_201' title='bbox 449 2618 518 2700; x_wconf 89' lang='lat' dir='ltr'><strong>ipso</strong></span> <span class='ocrx_word' id='word_1_202' title='bbox 538 2616 672 2677; x_wconf 88' lang='lat' dir='ltr'><strong>actionis</strong></span> <span class='ocrx_word' id='word_1_203' title='bbox 689 2617 822 2676; x_wconf 85' lang='lat' dir='ltr'><strong>exordio</strong></span> <span class='ocrx_word' id='word_1_204' title='bbox 838 2617 951 2698; x_wconf 82' lang='lat' dir='ltr'><strong>gladiIs</strong></span> <span class='ocrx_word' id='word_1_205' title='bbox 971 2632 1098 2701; x_wconf 88' lang='lat' dir='ltr'><strong>oportet</strong></span> <span class='ocrx_word' id='word_1_206' title='bbox 1117 2624 1274 2707; x_wconf 79' lang='lat' dir='ltr'><strong>extingui.</strong></span> 
     </span>
    </p>

    <p class='ocr_par' dir='ltr' id='par_1_9' title="bbox 165 2698 1276 3014">
     <span class='ocr_line' id='line_1_29' title="bbox 249 2698 1275 2768; baseline 0.006 -6"><span class='ocrx_word' id='word_1_207' title='bbox 249 2705 346 2762; x_wconf 87' lang='lat' dir='ltr'><strong>XLIX</strong></span> <span class='ocrx_word' id='word_1_208' title='bbox 395 2703 464 2761; x_wconf 90' lang='lat' dir='ltr'><strong>Hoc</strong></span> <span class='ocrx_word' id='word_1_209' title='bbox 484 2700 579 2760; x_wconf 90' lang='lat' dir='ltr'><strong>etiam</strong></span> <span class='ocrx_word' id='word_1_210' title='bbox 603 2699 643 2758; x_wconf 92' lang='lat' dir='ltr'><strong>de</strong></span> <span class='ocrx_word' id='word_1_211' title='bbox 664 2698 874 2760; x_wconf 83' lang='lat' dir='ltr'><strong>familiaribus</strong></span> <span class='ocrx_word' id='word_1_212' title='bbox 895 2703 1015 2762; x_wconf 79' lang='lat' dir='ltr'><strong>serrari</strong></span> <span class='ocrx_word' id='word_1_213' title='bbox 1030 2703 1146 2766; x_wconf 91' lang='lat' dir='ltr'><strong>debere</strong></span> <span class='ocrx_word' id='word_1_214' title='bbox 1166 2728 1275 2768; x_wconf 87' lang='lat' dir='ltr'><strong>cense-</strong></span> 
     </span>
     <span class='ocr_line' id='line_1_30' title="bbox 166 2780 1276 2865; baseline 0.005 -20"><span class='ocrx_word' id='word_1_215' title='bbox 166 2807 236 2846; x_wconf 88' lang='lat' dir='ltr'><strong>mus</strong></span> <span class='ocrx_word' id='word_1_216' title='bbox 244 2830 255 2857; x_wconf 90' lang='lat'><em>,</em></span> <span class='ocrx_word' id='word_1_217' title='bbox 279 2783 530 2864; x_wconf 30' lang='lat' dir='ltr'><strong>qui-,cuiuslibet</strong></span> <span class='ocrx_word' id='word_1_218' title='bbox 547 2781 755 2841; x_wconf 85' lang='lat' dir='ltr'><strong>familiaritati</strong></span> <span class='ocrx_word' id='word_1_219' title='bbox 773 2780 826 2843; x_wconf 83' lang='lat' dir='ltr'><strong>vel</strong></span> <span class='ocrx_word' id='word_1_220' title='bbox 840 2782 948 2842; x_wconf 87' lang='lat' dir='ltr'><strong>domui</strong></span> <span class='ocrx_word' id='word_1_221' title='bbox 972 2783 1193 2865; x_wconf 87' lang='lat' dir='ltr'><strong>inhaerentes,</strong></span> <span class='ocrx_word' id='word_1_222' title='bbox 1216 2790 1276 2849; x_wconf 91' lang='lat' dir='ltr'><strong>de-</strong></span> 
     </span>
     <span class='ocr_line' id='line_1_31' title="bbox 166 2863 1274 2949; baseline 0.003 -21"><span class='ocrx_word' id='word_1_223' title='bbox 166 2868 283 2928; x_wconf 89' lang='lat' dir='ltr'><strong>latores</strong></span> <span class='ocrx_word' id='word_1_224' title='bbox 311 2876 366 2927; x_wconf 90' lang='lat' dir='ltr'><strong>aut</strong></span> <span class='ocrx_word' id='word_1_225' title='bbox 385 2874 586 2926; x_wconf 88' lang='lat' dir='ltr'><strong>accusatores</strong></span> <span class='ocrx_word' id='word_1_226' title='bbox 610 2863 817 2925; x_wconf 87' lang='lat' dir='ltr'><strong>emerserint:</strong></span> <span class='ocrx_word' id='word_1_227' title='bbox 849 2874 983 2949; x_wconf 79' lang='lat' dir='ltr'><strong>excepto</strong></span> <span class='ocrx_word' id='word_1_228' title='bbox 1008 2875 1113 2930; x_wconf 89' lang='lat' dir='ltr'><strong>tamen</strong></span> <span class='ocrx_word' id='word_1_229' title='bbox 1138 2872 1274 2932; x_wconf 89' lang='lat' dir='ltr'><strong>crimine</strong></span> 
     </span>
     <span class='ocr_line' id='line_1_32' title="bbox 165 2949 348 3014; baseline -0.011 -4"><span class='ocrx_word' id='word_1_230' title='bbox 165 2949 348 3014; x_wconf 85' lang='lat' dir='ltr'><strong>maiestatis.</strong></span> 
     </span>
    </p>

    <p class='ocr_par' dir='ltr' id='par_1_10' title="bbox 165 3024 1273 3340">
     <span class='ocr_line' id='line_1_33' title="bbox 247 3024 1273 3109; baseline 0.007 -19"><span class='ocrx_word' id='word_1_231' title='bbox 247 3033 283 3096; x_wconf 92' lang='lat' dir='ltr'><strong>L.</strong></span> <span class='ocrx_word' id='word_1_232' title='bbox 326 3027 471 3090; x_wconf 88' lang='lat' dir='ltr'><strong>Occultis</strong></span> <span class='ocrx_word' id='word_1_233' title='bbox 492 3027 686 3109; x_wconf 87' lang='lat' dir='ltr'><strong>secretisque</strong></span> <span class='ocrx_word' id='word_1_234' title='bbox 707 3024 922 3088; x_wconf 88' lang='lat' dir='ltr'><strong>delationibus</strong></span> <span class='ocrx_word' id='word_1_235' title='bbox 946 3028 1030 3091; x_wconf 91' lang='lat' dir='ltr'><strong>nihil</strong></span> <span class='ocrx_word' id='word_1_236' title='bbox 1046 3033 1135 3093; x_wconf 89' lang='lat' dir='ltr'><strong>credi</strong></span> <span class='ocrx_word' id='word_1_237' title='bbox 1160 3034 1273 3098; x_wconf 84' lang='lat' dir='ltr'><strong>debet:</strong></span> 
     </span>
     <span class='ocr_line' id='line_1_34' title="bbox 165 3107 1271 3194; baseline 0.001 -17"><span class='ocrx_word' id='word_1_238' title='bbox 165 3113 321 3192; x_wconf 85' lang='lat' dir='ltr'><strong>sedeam</strong></span> <span class='ocrx_word' id='word_1_239' title='bbox 342 3111 399 3194; x_wconf 89' lang='lat' dir='ltr'><strong>qni</strong></span> <span class='ocrx_word' id='word_1_240' title='bbox 421 3110 546 3191; x_wconf 86' lang='lat' dir='ltr'><strong>aliquid</strong></span> <span class='ocrx_word' id='word_1_241' title='bbox 568 3112 688 3186; x_wconf 89' lang='lat' dir='ltr'><strong>defert,</strong></span> <span class='ocrx_word' id='word_1_242' title='bbox 716 3109 755 3171; x_wconf 86' lang='lat' dir='ltr'><strong>ad</strong></span> <span class='ocrx_word' id='word_1_243' title='bbox 784 3107 941 3169; x_wconf 90' lang='lat' dir='ltr'><strong>iudicium</strong></span> <span class='ocrx_word' id='word_1_244' title='bbox 963 3113 1075 3176; x_wconf 85' lang='lat' dir='ltr'><strong>venire</strong></span> <span class='ocrx_word' id='word_1_245' title='bbox 1104 3120 1271 3190; x_wconf 87' lang='lat' dir='ltr'><strong>convenit;</strong></span> 
     </span>
     <span class='ocr_line' id='line_1_35' title="bbox 166 3191 1273 3281; baseline 0.006 -25"><span class='ocrx_word' id='word_1_246' title='bbox 166 3205 204 3258; x_wconf 90' lang='lat' dir='ltr'><strong>nt</strong></span> <span class='ocrx_word' id='word_1_247' title='bbox 223 3195 266 3274; x_wconf 85' lang='lat' dir='ltr'><strong>si,</strong></span> <span class='ocrx_word' id='word_1_248' title='bbox 295 3197 383 3276; x_wconf 88' lang='lat' dir='ltr'><strong>quod</strong></span> <span class='ocrx_word' id='word_1_249' title='bbox 408 3193 544 3270; x_wconf 85' lang='lat' dir='ltr'><strong>detulit,</strong></span> <span class='ocrx_word' id='word_1_250' title='bbox 566 3213 631 3253; x_wconf 94' lang='lat' dir='ltr'><strong>non</strong></span> <span class='ocrx_word' id='word_1_251' title='bbox 649 3191 791 3274; x_wconf 86' lang='lat' dir='ltr'><strong>potuerit</strong></span> <span class='ocrx_word' id='word_1_252' title='bbox 817 3191 1012 3276; x_wconf 84' lang='lat' dir='ltr'><strong>adprobare,</strong></span> <span class='ocrx_word' id='word_1_253' title='bbox 1043 3198 1171 3281; x_wconf 79' lang='lat' dir='ltr'><strong>capitali</strong></span> <span class='ocrx_word' id='word_1_254' title='bbox 1194 3201 1273 3263; x_wconf 89' lang='lat' dir='ltr'><strong>sub-</strong></span> 
     </span>
     <span class='ocr_line' id='line_1_36' title="bbox 165 3276 1208 3340; baseline -0.01 0"><span class='ocrx_word' id='word_1_255' title='bbox 165 3279 267 3340; x_wconf 90' lang='lat' dir='ltr'><strong>iaceat</strong></span> <span class='ocrx_word' id='word_1_256' title='bbox 287 3276 416 3338; x_wconf 86' lang='lat' dir='ltr'><strong>ultioni.</strong></span> <span class='ocrx_word' id='word_1_257' title='bbox 767 3293 771 3302; x_wconf 92' lang='grc'>’</span> <span class='ocrx_word' id='word_1_258' title='bbox 970 3281 972 3284; x_wconf 82' lang='grc'><strong>’</strong></span> <span class='ocrx_word' id='word_1_259' title='bbox 1206 3325 1208 3330; x_wconf 81' lang='grc'>,</span> 
     </span>
    </p>

    <p class='ocr_par' dir='ltr' id='par_1_11' title="bbox 153 3355 1326 3772">
     <span class='ocr_line' id='line_1_37' title="bbox 153 3355 1269 3444; baseline 0.007 -24"><span class='ocrx_word' id='word_1_260' title='bbox 153 3361 155 3364; x_wconf 75' lang='grc'><strong>’</strong></span> <span class='ocrx_word' id='word_1_261' title='bbox 246 3362 297 3426; x_wconf 89' lang='lat' dir='ltr'><strong>LI.</strong></span> <span class='ocrx_word' id='word_1_262' title='bbox 338 3357 536 3420; x_wconf 90' lang='lat' dir='ltr'><strong>Donationes</strong></span> <span class='ocrx_word' id='word_1_263' title='bbox 556 3355 614 3417; x_wconf 92' lang='lat' dir='ltr'><strong>sub</strong></span> <span class='ocrx_word' id='word_1_264' title='bbox 635 3355 695 3417; x_wconf 89' lang='lat' dir='ltr'><strong>hac</strong></span> <span class='ocrx_word' id='word_1_265' title='bbox 716 3356 917 3434; x_wconf 84' lang='lat' dir='ltr'><strong>solemnitate</strong></span> <span class='ocrx_word' id='word_1_266' title='bbox 943 3360 1156 3444; x_wconf 87' lang='lat' dir='ltr'><strong>praecipimus</strong></span> <span class='ocrx_word' id='word_1_267' title='bbox 1182 3367 1269 3428; x_wconf 90' lang='lat' dir='ltr'><strong>cele-</strong></span> 
     </span>
     <span class='ocr_line' id='line_1_38' title="bbox 164 3439 1270 3529; baseline 0.005 -25"><span class='ocrx_word' id='word_1_268' title='bbox 164 3443 260 3505; x_wconf 91' lang='lat' dir='ltr'><strong>brari.</strong></span> <span class='ocrx_word' id='word_1_269' title='bbox 304 3443 400 3521; x_wconf 88' lang='lat' dir='ltr'><strong>Quod</strong></span> <span class='ocrx_word' id='word_1_270' title='bbox 414 3440 440 3500; x_wconf 90' lang='lat' dir='ltr'><strong>si</strong></span> <span class='ocrx_word' id='word_1_271' title='bbox 456 3440 629 3502; x_wconf 87' lang='lat' dir='ltr'><strong>cuiuslibet</strong></span> <span class='ocrx_word' id='word_1_272' title='bbox 643 3439 738 3520; x_wconf 89' lang='lat' dir='ltr'><strong>pretii</strong></span> <span class='ocrx_word' id='word_1_273' title='bbox 758 3459 809 3500; x_wconf 88' lang='lat' dir='ltr'><strong>res</strong></span> <span class='ocrx_word' id='word_1_274' title='bbox 829 3440 954 3501; x_wconf 90' lang='lat' dir='ltr'><strong>mobilis</strong></span> <span class='ocrx_word' id='word_1_275' title='bbox 972 3444 1104 3506; x_wconf 87' lang='lat' dir='ltr'><strong>fortasse</strong></span> <span class='ocrx_word' id='word_1_276' title='bbox 1121 3448 1270 3529; x_wconf 86' lang='lat' dir='ltr'><strong>donetur,</strong></span> 
     </span>
     <span class='ocr_line' id='line_1_39' title="bbox 162 3521 1271 3611; baseline 0.005 -24"><span class='ocrx_word' id='word_1_277' title='bbox 162 3527 216 3588; x_wconf 82' lang='lat' dir='ltr'><strong>vel</strong></span> <span class='ocrx_word' id='word_1_278' title='bbox 245 3535 332 3587; x_wconf 89' lang='lat' dir='ltr'><strong>certe</strong></span> <span class='ocrx_word' id='word_1_279' title='bbox 352 3523 566 3605; x_wconf 86' lang='lat' dir='ltr'><strong>mancipinm,</strong></span> <span class='ocrx_word' id='word_1_280' title='bbox 594 3523 661 3582; x_wconf 90' lang='lat' dir='ltr'><strong>sola</strong></span> <span class='ocrx_word' id='word_1_281' title='bbox 683 3521 857 3583; x_wconf 89' lang='lat' dir='ltr'><strong>traditione</strong></span> <span class='ocrx_word' id='word_1_282' title='bbox 878 3523 1043 3605; x_wconf 84' lang='lat' dir='ltr'><strong>largientis</strong></span> <span class='ocrx_word' id='word_1_283' title='bbox 1066 3527 1106 3588; x_wconf 89' lang='lat' dir='ltr'><strong>sit</strong></span> <span class='ocrx_word' id='word_1_284' title='bbox 1127 3532 1271 3611; x_wconf 84' lang='lat' dir='ltr'><strong>perfectu</strong></span> 
     </span>
     <span class='ocr_line' id='line_1_40' title="bbox 164 3603 1326 3689; baseline 0.005 -20"><span class='ocrx_word' id='word_1_285' title='bbox 164 3609 310 3678; x_wconf 88' lang='lat' dir='ltr'><strong>donatio;</strong></span> <span class='ocrx_word' id='word_1_286' title='bbox 332 3628 414 3689; x_wconf 89' lang='lat' dir='ltr'><strong>qaae</strong></span> <span class='ocrx_word' id='word_1_287' title='bbox 426 3616 530 3667; x_wconf 89' lang='lat' dir='ltr'><strong>tamen</strong></span> <span class='ocrx_word' id='word_1_288' title='bbox 540 3604 788 3684; x_wconf 87' lang='lat' dir='ltr'><strong>scripturaefidc</strong></span> <span class='ocrx_word' id='word_1_289' title='bbox 795 3605 895 3687; x_wconf 87' lang='lat' dir='ltr'><strong>possit</strong></span> <span class='ocrx_word' id='word_1_290' title='bbox 906 3608 1050 3687; x_wconf 85' lang='lat' dir='ltr'><strong>ostendi,</strong></span> <span class='ocrx_word' id='word_1_291' title='bbox 1072 3611 1125 3671; x_wconf 87' lang='lat' dir='ltr'><strong>cni</strong></span> <span class='ocrx_word' id='word_1_292' title='bbox 1138 3615 1270 3675; x_wconf 85' lang='lat' dir='ltr'><strong>testium</strong></span> <span class='ocrx_word' id='word_1_293' title='bbox 1323 3603 1326 3606; x_wconf 34' lang='lat'>¹</span> 
     </span>
     <span class='ocr_line' id='line_1_41' title="bbox 159 3689 722 3772; baseline -0.009 -20"><span class='ocrx_word' id='word_1_294' title='bbox 159 3691 354 3772; x_wconf 83' lang='lat' dir='ltr'><strong>subscriptio</strong></span> <span class='ocrx_word' id='word_1_295' title='bbox 376 3689 500 3749; x_wconf 87' lang='lat' dir='ltr'><strong>adiecta</strong></span> <span class='ocrx_word' id='word_1_296' title='bbox 517 3694 722 3748; x_wconf 89' lang='lat' dir='ltr'><strong>monstretur.</strong></span> 
     </span>
    </p>

    <p class='ocr_par' dir='ltr' id='par_1_12' title="bbox 159 3767 1270 4268">
     <span class='ocr_line' id='line_1_42' title="bbox 243 3767 1270 3862; baseline 0.006 -29"><span class='ocrx_word' id='word_1_297' title='bbox 243 3772 316 3834; x_wconf 89' lang='lat' dir='ltr'><strong>LII.</strong></span> <span class='ocrx_word' id='word_1_298' title='bbox 343 3772 391 3831; x_wconf 84' lang='lat' dir='ltr'><strong>.Si</strong></span> <span class='ocrx_word' id='word_1_299' title='bbox 405 3793 482 3834; x_wconf 80' lang='lat' dir='ltr'><strong>vero</strong></span> <span class='ocrx_word' id='word_1_300' title='bbox 496 3770 663 3853; x_wconf 87' lang='lat' dir='ltr'><strong>praedium</strong></span> <span class='ocrx_word' id='word_1_301' title='bbox 682 3767 837 3828; x_wconf 88' lang='lat' dir='ltr'><strong>rusticum</strong></span> <span class='ocrx_word' id='word_1_302' title='bbox 852 3778 906 3830; x_wconf 91' lang='lat' dir='ltr'><strong>ant</strong></span> <span class='ocrx_word' id='word_1_303' title='bbox 924 3771 1083 3834; x_wconf 90' lang='lat' dir='ltr'><strong>urbanum</strong></span> <span class='ocrx_word' id='word_1_304' title='bbox 1100 3777 1270 3862; x_wconf 85' lang='lat' dir='ltr'><strong>qnisquam</strong></span> 
     </span>
     <span class='ocr_line' id='line_1_43' title="bbox 161 3851 1268 3935; baseline 0.006 -20"><span class='ocrx_word' id='word_1_305' title='bbox 161 3854 266 3916; x_wconf 90' lang='lat' dir='ltr'><strong>libero</strong></span> <span class='ocrx_word' id='word_1_306' title='bbox 293 3853 427 3914; x_wconf 91' lang='lat' dir='ltr'><strong>arbitrio</strong></span> <span class='ocrx_word' id='word_1_307' title='bbox 464 3855 613 3912; x_wconf 88' lang='lat' dir='ltr'><strong>conferre</strong></span> <span class='ocrx_word' id='word_1_308' title='bbox 648 3851 806 3928; x_wconf 86' lang='lat' dir='ltr'><strong>voluerit,</strong></span> <span class='ocrx_word' id='word_1_309' title='bbox 842 3854 1000 3935; x_wconf 88' lang='lat' dir='ltr'><strong>scriptura</strong></span> <span class='ocrx_word' id='word_1_310' title='bbox 1028 3861 1268 3922; x_wconf 86' lang='lat' dir='ltr'><strong>munificentiae</strong></span> 
     </span>
     <span class='ocr_line' id='line_1_44' title="bbox 163 3932 1268 4024; baseline 0.008 -27"><span class='ocrx_word' id='word_1_311' title='bbox 163 3939 259 3998; x_wconf 91' lang='lat' dir='ltr'><strong>etiam</strong></span> <span class='ocrx_word' id='word_1_312' title='bbox 279 3936 409 3996; x_wconf 86' lang='lat' dir='ltr'><strong>testium</strong></span> <span class='ocrx_word' id='word_1_313' title='bbox 428 3933 716 4014; x_wconf 86' lang='lat' dir='ltr'><strong>subscriptionibus</strong></span> <span class='ocrx_word' id='word_1_314' title='bbox 732 3932 879 3995; x_wconf 87' lang='lat' dir='ltr'><strong>roborata</strong></span> <span class='ocrx_word' id='word_1_315' title='bbox 902 3937 996 4017; x_wconf 88' lang='lat' dir='ltr'><strong>gestis</strong></span> <span class='ocrx_word' id='word_1_316' title='bbox 1019 3940 1268 4024; x_wconf 85' lang='lat' dir='ltr'><strong>municipalibus</strong></span> 
     </span>
     <span class='ocr_line' id='line_1_45' title="bbox 163 4016 1268 4101; baseline 0.007 -23"><span class='ocrx_word' id='word_1_317' title='bbox 163 4019 334 4101; x_wconf 86' lang='lat' dir='ltr'><strong>allegetnr;</strong></span> <span class='ocrx_word' id='word_1_318' title='bbox 364 4018 407 4077; x_wconf 88' lang='lat' dir='ltr'><strong>ita</strong></span> <span class='ocrx_word' id='word_1_319' title='bbox 429 4028 465 4077; x_wconf 91' lang='lat' dir='ltr'><strong>ut</strong></span> <span class='ocrx_word' id='word_1_320' title='bbox 485 4016 682 4078; x_wconf 90' lang='lat' dir='ltr'><strong>confectioni</strong></span> <span class='ocrx_word' id='word_1_321' title='bbox 705 4025 865 4096; x_wconf 88' lang='lat' dir='ltr'><strong>gestorum</strong></span> <span class='ocrx_word' id='word_1_322' title='bbox 886 4027 1069 4099; x_wconf 86' lang='lat' dir='ltr'><strong>praesentes</strong></span> <span class='ocrx_word' id='word_1_323' title='bbox 1090 4025 1268 4086; x_wconf 88' lang='lat' dir='ltr'><strong>adhibean-</strong></span> 
     </span>
     <span class='ocr_line' id='line_1_46' title="bbox 160 4099 1267 4186; baseline -0.004 -26"><span class='ocrx_word' id='word_1_324' title='bbox 160 4109 216 4161; x_wconf 92' lang='lat' dir='ltr'><strong>tnr</strong></span> <span class='ocrx_word' id='word_1_325' title='bbox 238 4113 302 4162; x_wconf 90' lang='lat' dir='ltr'><strong>tres</strong></span> <span class='ocrx_word' id='word_1_326' title='bbox 325 4101 483 4178; x_wconf 84' lang='lat' dir='ltr'><strong>curiales,</strong></span> <span class='ocrx_word' id='word_1_327' title='bbox 514 4107 569 4160; x_wconf 89' lang='lat' dir='ltr'><strong>aut</strong></span> <span class='ocrx_word' id='word_1_328' title='bbox 598 4099 814 4180; x_wconf 82' lang='lat' dir='ltr'><strong>magistratus,</strong></span> <span class='ocrx_word' id='word_1_329' title='bbox 842 4109 897 4160; x_wconf 90' lang='lat' dir='ltr'><strong>aut</strong></span> <span class='ocrx_word' id='word_1_330' title='bbox 919 4123 978 4183; x_wconf 85' lang='lat' dir='ltr'><strong>pro</strong></span> <span class='ocrx_word' id='word_1_331' title='bbox 1003 4105 1184 4186; x_wconf 89' lang='lat' dir='ltr'><strong>magistratu</strong></span> <span class='ocrx_word' id='word_1_332' title='bbox 1209 4110 1267 4170; x_wconf 90' lang='lat' dir='ltr'><strong>de.</strong></span> 
     </span>
     <span class='ocr_line' id='line_1_47' title="bbox 159 4181 1267 4268; baseline 0.007 -24"><span class='ocrx_word' id='word_1_333' title='bbox 159 4185 271 4244; x_wconf 86' lang='lat' dir='ltr'><strong>fensor</strong></span> <span class='ocrx_word' id='word_1_334' title='bbox 295 4182 433 4246; x_wconf 86' lang='lat' dir='ltr'><strong>civitatis</strong></span> <span class='ocrx_word' id='word_1_335' title='bbox 464 4205 539 4244; x_wconf 90' lang='lat' dir='ltr'><strong>oum</strong></span> <span class='ocrx_word' id='word_1_336' title='bbox 564 4181 668 4243; x_wconf 89' lang='lat' dir='ltr'><strong>tribus</strong></span> <span class='ocrx_word' id='word_1_337' title='bbox 694 4181 887 4258; x_wconf 86' lang='lat' dir='ltr'><strong>curialibus,</strong></span> <span class='ocrx_word' id='word_1_338' title='bbox 917 4193 972 4243; x_wconf 87' lang='lat' dir='ltr'><strong>aut</strong></span> <span class='ocrx_word' id='word_1_339' title='bbox 996 4186 1177 4268; x_wconf 85' lang='lat' dir='ltr'><strong>duumuiri,</strong></span> <span class='ocrx_word' id='word_1_340' title='bbox 1214 4193 1267 4252; x_wconf 86' lang='lat' dir='ltr'><strong>rel</strong></span> 
     </span>
    </p>
   </div>
   <div class='ocr_carea' id='block_1_3' title="bbox 17 4262 1266 4360">
    <p class='ocr_par' dir='ltr' id='par_1_13' title="bbox 17 4262 1266 4360">
     <span class='ocr_line' id='line_1_48' title="bbox 17 4262 1266 4360; baseline 0.01 -35"><span class='ocrx_word' id='word_1_341' title='bbox 17 4311 24 4336; x_wconf 76' lang='lat'><strong>.</strong></span> <span class='ocrx_word' id='word_1_342' title='bbox 125 4263 130 4282; x_wconf 82' lang='lat'>&#39;</span> <span class='ocrx_word' id='word_1_343' title='bbox 161 4265 431 4351; x_wconf 85' lang='lat' dir='ltr'><strong>quinquennalis:</strong></span> <span class='ocrx_word' id='word_1_344' title='bbox 453 4263 556 4348; x_wconf 89' lang='lat' dir='ltr'><strong>quisi</strong></span> <span class='ocrx_word' id='word_1_345' title='bbox 576 4262 761 4360; x_wconf 51' lang='lat' dir='ltr'><strong>defuerint!</strong></span> <span class='ocrx_word' id='word_1_346' title='bbox 791 4263 825 4330; x_wconf 90' lang='lat' dir='ltr'><strong>in</strong></span> <span class='ocrx_word' id='word_1_347' title='bbox 848 4264 911 4326; x_wconf 90' lang='lat' dir='ltr'><strong>alia</strong></span> <span class='ocrx_word' id='word_1_348' title='bbox 928 4266 1055 4330; x_wconf 82' lang='lat' dir='ltr'><strong>civitate</strong></span> <span class='ocrx_word' id='word_1_349' title='bbox 1080 4293 1162 4354; x_wconf 87' lang='lat' dir='ltr'><strong>quae</strong></span> <span class='ocrx_word' id='word_1_350' title='bbox 1186 4273 1266 4338; x_wconf 90' lang='lat' dir='ltr'><strong>haec</strong></span> 
     </span>
    </p>
   </div>
   <div class='ocr_carea' id='block_1_4' title="bbox 1016 4383 1066 4457">
    <p class='ocr_par' dir='ltr' id='par_1_14' title="bbox 1016 4383 1066 4457">
     <span class='ocr_line' id='line_1_49' title="bbox 1016 4383 1066 4457; baseline -0.06 0"><span class='ocrx_word' id='word_1_351' title='bbox 1016 4383 1066 4457; x_wconf 73' lang='lat'><strong>26</strong></span> 
     </span>
    </p>
   </div>
   <div class='ocr_carea' id='block_1_5' title="bbox 0 0 1454 5020">
    <p class='ocr_par' dir='ltr' id='par_1_15' title="bbox 0 0 1454 5020">
     <span class='ocr_line' id='line_1_50' title="bbox 0 0 1454 5020; baseline 0 1"><span class='ocrx_word' id='word_1_352' title='bbox 0 0 1454 5020; x_wconf 95' lang='lat' dir='ltr'><strong> </strong></span> 
     </span>
    </p>
   </div>
  </div>
 </body>
</html>
