2876 4992
187 228 276 304 irt-
437 242 542 298 iacrs
560 242 805 300 nrrnssromm
827 243 898 298 rrr.
917 218 1039 302 xxxvi.

182 387 366 452 tnurdecim
394 391 504 445 noctes
530 381 677 442 adinrare
701 403 725 464 p
726 392 748 455 )
776 383 902 445 studeat
932 385 1021 466 qnod
1048 393 1211 446 auctorem
1238 387 1292 448 vel

182 487 366 538 casam-seu
385 478 508 550 postem
527 465 641 525 ianuae
663 467 804 528 auctoris
821 467 873 528 ani
898 467 1038 546 nesciat,
1060 476 1094 530 et
1109 468 1211 552 ipsam
1222 491 1293 531 rem

181 557 264 618 sine·
283 553 399 614 damno
424 549 549 609 reddat.

231 673 324 764 Tru,
350 665 534 760 XXXIV.
561 659 673 758 (36.)
720 664 778 732 De
806 677 914 761 raptu
936 667 1174 760 ingenuarum
1193 671 1240 763 q)

630 761 840 836 mulierum.

264 892 288 954 1.
327 884 460 969 Siquis
487 886 648 966 ingenuus
675 879 772 943 homo
795 884 972 966 ingenuum
1001 885 1156 948 feminam
1180 907 1296 971 rapue-

66 992 69 996 ·
179 976 245 1052 rit,
266 974 317 1037 bis
334 967 482 1032 centenis
505 957 616 1027 solidis
639 966 756 1026 noxius
781 964 953 1028 iudicetur.
996 969 1093 1045 Quod
1116 971 1142 1033 si
1161 981 1231 1032 tres.
1244 993 1295 1041 ru-¹

180 1056 281 1142 genui
307 1075 381 1117 cum
407 1052 475 1132 ipso
502 1047 642 1125 fuerint,
669 1048 892 1130 unusquisque
918 1070 1030 1111 eorum
1053 1053 1219 1135 sexaginta
1241 1074 1295 1114 so-

180 1141 258 1202 lidis
284 1136 400 1198 noxius
425 1132 596 1195 indicetur.
644 1130 686 1190 Et
717 1131 830 1210 quanti
860 1153 957 1214 super
983 1133 1056 1194 illos
1076 1144 1215 1216 quatuor
1239 1135 1296 1196 fu-

183 1223 270 1284 erint
296 1229 353 1296 r),
388 1214 610 1296 unnsquisque
638 1211 827 1294 quindecim
847 1214 959 1275 solidis
982 1215 1098 1277 noxius
1120 1217 1297 1279 indicetur.

266 1305 310 1364 ΙΙ.
353 1299 498 1378 Quodsi
521 1294 628 1377 regius
657 1302 713 1352 aut
740 1294 976 1358 ecclesiasticus
1002 1295 1099 1359 homo
1126 1298 1189 1360 hoc
1209 1301 1300 1362 fece‘

183 1389 247 1466 rit,
269 1394 400 1445 centnm
426 1378 538 1441 solidis
564 1376 735 1458 culpabilis
761 1376 933 1439 iudicetur.

268 1467 331 1532 Ill.
374 1461 529 1525 Similiter
549 1459 599 1518 illi
623 1468 688 1519 tres
714 1458 770 1538 qui
791 1459 820 1519 ei
841 1461 998 1521 auxilium
1012 1461 1220 1543 praehuerint
1241 1472 1295 1539 s),

183 1551 410 1632 unusquisqne
429 1543 560 1625 triginta
580 1541 691 1602 solidis
715 1540 884 1623 culpabilis
908 1543 1078 1605 iudicetur.
1121 1545 1163 1604 Et
1181 1549 1296 1627 quanti

120 1641 122 1648 ⁴
184 1655 283 1718 snper
304 1633 362 1692 hos
385 1629 525 1703 fuerint,
548 1624 770 1706 unusquisque
788 1633 985 1705 peroctavo
1005 1626 1188 1689 semisolido
1208 1629 1320 1688 mul--

185 1728 329 1860 tetuer.
371 1790 514 1870 Quodsi
534 1810 645 1852 servus
670 1789 733 1849 hoc
754 1788 870 1853 fecerit
891 1789 931 1850 de
957 1788 1021 1874 vita
1042 1799 1221 1873 componat.
1290 1766 1293 1774 ¹

237 1917 330 1989 ΤΙΤ.
355 1906 521 1983 XXXV.
547 1913 658 1992 (37.)
686 1906 764 2074 1Ιῗε)
786 1931 843 2020 ,eo
875 1909 938 2002 qui
962 1930 1116 1977 uxorem
1140 1908 1295 1978 alienam

705 2032 725 2074 u
743 2018 824 2080 erit.

267 2133 294 2196 l.
337 2131 371 2194 Si
396 2127 469 2212 quis
500 2147 635 2188 uxorem
664 2123 803 2186 alienam
837 2124 949 2188 tulerit
973 2126 1049 2190 viro
1077 2128 1210 2208 marito,
1233 2131 1296 2194 du·

183 2217 290 2284 centis
311 2214 422 2277 solidis
449 2212 612 2274 multetur.

269 2300 313 2361 ll.
355 2297 388 2358 si
410 2294 574 2375 quiscum
595 2292 735 2374 ingenua
757 2289 866 2373 puella
875 2292 1060 2355 moechatus
1078 2294 1189 2372 fuerit,
1201 2295 1296 2376 quin·

183 2381 342 2468 quaginta
359 2378 470 2439 solidis
490 2374 658 2455 culpabilis
678 2374 841 2434 indicetur

270 2465 327 2526 lll.
369 2458 500 2539 siquis
533 2457 707 2538 ingenuam
736 2456 878 2538 puellam
905 2457 957 2517 vel
989 2458 1175 2532 mulierem,
1207 2478 1290 2539 quae

184 2548 221 2612 in
239 2545 337 2608 verbo
356 2541 450 2623 Regis
476 2540 527 2600 vel
556 2539 770 2599 ecclesiastica
796 2547 865 2613 est,
888 2539 1033 2622 accipere
1058 2542 1109 2602 vel
1136 2541 1290 2601 seducere

183 2627 435 2716 praesumpserit
459 2630 495 2693 t}
516 2643 573 2682 seu
594 2631 762 2703 parentum
782 2629 822 2693 n)
844 2622 1011 2682 voluntate
1032 2623 1072 2684 de
1096 2622 1293 2684 mundebur-

186 2716 228 2777 de
253 2707 438 2782 abstulerit,
460 2704 626 2785 sexaginta
650 2703 760 2764 solidis
786 2703 957 2784 culpabilis
984 2705 1155 2771 iudicetur.

187 2833 278 2908 TIT·
309 2823 494 2898 XXXVI.
536 2818 635 2913 (38.)
682 2821 741 2888 De
779 2821 934 2889 diversis
970 2823 1292 2896 interfectionibus.

271 2950 295 3011 Ι.
339 2945 374 3006 Si
401 2943 475 3025 quis
501 2939 672 3022 Ripuarins
700 2943 856 3002 advenam
880 2944 1042 3002 Francum
1072 2942 1291 3016 interfecerit,

187 3029 337 3098 ducentis
357 3027 467 3088 solidis
489 3023 659 3104 culpabilis
682 3023 855 3085 iudicetur.

271 3114 317 3178 ll,
359 3111 393 3170 Si
411 3108 483 3190 quis
502 3105 674 3187 Ripuarins
697 3109 853 3167 advenam
872 3106 1137 3189 Burgundionem
1157 3105 1292 3166 interfe-

188 3197 288 3274 cerit,
311 3201 442 3262 centnm
466 3189 629 3267 sexaginta
653 3189 762 3250 solidis
787 3190 957 3270 culpabilis
982 3189 1153 3253 iudicetur.

270 3277 334 3338 lll.
376 3274 409 3332 Si
428 3272 500 3352 quis
519 3270 690 3350 Ripuarins
711 3273 867 3334 advenam
883 3274 1062 3332 Romanurn
1080 3269 1295 3346 interfecerit,

27 3425 30 3434 ,
74 3349 115 3366 ⁸⁸
188 3371 322 3424 centum
345 3355 456 3417 solidis
478 3353 642 3418 multetur.

270 3443 325 3504 lV.
366 3437 400 3496 Si
421 3435 493 3518 quis
514 3435 685 3516 Ripuarins
710 3435 868 3498 advenam
893 3434 1106 3496 Alamannam
1129 3456 1187 3495 seu
1213 3435 1308 3494 Fre?

186 3526 311 3590 sionem
324 3528 360 3594 v)
382 3519 435 3579 vel
451 3517 731 3591 Baiuvarinmw)‚
755 3527 809 3579 ant
823 3519 982 3578 Saxonem
998 3519 1199 3580 interfecerit
1218 3537 1296 3578 cen·

187 3619 257 3672 tum
277 3603 442 3685 sexaginta
466 3600 577 3661 solidis
599 3599 768 3680 culpabilis
789 3600 959 3661 iudicetur.

246 3728 248 3737 ‚
270 3691 311 3756 V.
353 3687 388 3750 si
411 3683 485 3766 quis
512 3692 562 3756 x)
582 3682 738 3746 clericum
766 3681 984 3760 interfecerit,
1012 3679 1102 3741 iuxta
1125 3680 1214 3764 quod
1237 3701 1296 3741 ua·

187 3827 645 3861 W—

255 3913 294 3986 p)
311 3908 422 3964 Herold.
447 3905 480 3960 id
495 3907 599 3961 iurare.
654 3902 691 3976 q)
708 3901 818 3956 llcrold.
838 3902 1020 3972 ingenuorum
1037 3903 1091 3956 vel.
1133 3901 1166 3970 r)
1184 3901 1303 3956 liccard..

187 3985 302 4040 vitiaret
313 3983 448 4054 fecerint.
500 3977 532 4046 s)
550 3973 678 4029 Corbion.
705 3975 910 4026 auxiliaverint
964 3972 1305 4038 rJTi1.ettind.aece·‚

186 4060 268 4129 perit.
284 4055 331 4106 vsl
351 4048 499 4103 seduxerit.
556 4045 593 4116 u)
617 4044 727 4098 Herold.
754 4046 814 4096 sinc
837 4055 989 4112 parentum.
1042 4039 1073 4110 r)
1097 4041 1163 4093 Met.
1195 4044 1299 4096 Frisio-

189 4141 261 4181 ”m'
317 4126 367 4185 lv)
390 4119 517 4172 COtblOss·
545 4117 667 4186 Rogittm·
711 4113 749 4183 x)
768 4116 801 4164 ln
821 4113 951 4166 Corbion.
971 4112 1025 4162 hcc
1044 4114 1181 4178 capntsic
1201 4115 1297 4166 habet:

189 4199 219 4252 St
227 4192 428 4270 quisclericnm
439 4191 588 4260 ingenuum
606 4184 787 4256 interfecerit,
807 4183 847 4266 bis
862 4185 1073 4256 quinquagenos
1087 4180 1138 4231 sol.
1154 4185 1225 4255 culp,
1241 4179 1304 4238 gud,

175 3867 186 3924 i
