2876 4992
616 233 794 296 annosos
1205 221 1253 326 96

176 380 237 451 XI.
257 384 293 447 si
320 385 390 466 quis
417 381 659 450 ministerialem
692 384 726 444 in
756 380 1164 468 imposuissecognoscitnr.
1187 390 1253 455 Ite·

256 470 368 542 mortis
385 465 532 550 periculo

710 465 726 527 l
755 486 828 527 rum
849 487 923 527 cum
942 465 1002 528 hos
1025 468 1150 532 Titulos
1174 473 1253 535 Clo·

215 549 299 612 lnde
320 549 359 612 ad
380 549 500 611 solidos
522 549 607 621 XV·;
630 559 665 610 ut
753 547 917 610 theriaci
945 569 1096 632 germano
1122 576 1180 616 suo
1204 579 1252 620 se.

169 629 252 696 XII.
275 634 309 694 Si
330 633 403 716 quis
422 640 568 714 sponsam
595 633 727 694 alterins
756 631 846 692 niore
866 641 1028 714 gratanter
1043 637 1182 720 excepit,
1205 641 1251 702 sic

256 717 380 780 tulerit.
396 716 481 776 Haec
495 715 726 799 compositioin
756 714 873 797 etipse
891 714 1041 778 similiter
1060 741 1135 779 cum
1157 722 1250 808 regni

254 799 336 862 locis
357 799 406 882 95.
423 797 569 860 hahetur.
618 796 727 860 XCIII
754 796 804 859 sui
831 796 1027 878 sapientibus
1042 799 1191 876 invenit,
1215 815 1251 869 ut

212 881 296 944 Inde
318 883 358 944 ad
387 880 505 944 solidos
530 879 633 946 XVII.
651 901 726 943 cum
753 879 970 945 a'LXXXlV·
993 883 1136 964 adderet,
1155 897 1187 948 et
1205 889 1252 950 ita

255 963 410 1036 dimidi0;
431 973 467 1024 ut

752 963 931 1044 perfectum
944 965 1106 1047 perduxit.
1146 969 1189 1032 Et
1201 970 1249 1032 in·

165 1040 263 1114 XIII.
284 1047 318 1107 si
339 1046 414 1130 quis
439 1043 571 1130 alterius
595 1067 725 1109 vaccam
753 1046 793 1105 de
810 1065 892 1126 quae
909 1046 976 1129 ipse
988 1048 1114 1112 invenit
1128 1052 1168 1112 ad
1186 1051 1249 1114 fra·

127 1159 131 1165 ·
253 1131 423 1192 inseverit.
437 1131 522 1191 Haec
534 1127 725 1214 compositio
751 1135 833 1188 trem
847 1147 941 1190 suum
950 1130 1104 1214 rescripta
1120 1132 1250 1200 direxit.

252 1213 591 1290 insslocishnbetur.
631 1253 633 1257 ,
673 1208 792 1273 IV'Et
810 1209 854 1271 ita
871 1210 959 1273 inter
978 1233 1011 1274 se
1027 1213 1247 1298 firmaverunt,

211 1291 292 1356 Inde
316 1296 356 1355 ad
376 1296 496 1358 solidos
517 1294 627 1358 XXII.
649 1316 723 1357 cum
751 1300 788 1352 ut
802 1291 860 1352 ista
887 1294 993 1355 omnia
1021 1316 1104 1377 quae
1130 1302 1246 1362 consti·

255 1377 388 1440 dimidio
396 1405 404 1452 ;
427 1391 464 1440 ut

749 1383 884 1437 tuerunt
900 1376 1131 1443 inviolabiliter
1144 1383 1245 1443 omni·

160 1453 259 1525 XIV.
281 1462 407 1542 Siquis
433 1460 637 1522 tributarium
659 1461 722 1522 Ro·
749 1477 813 1540 que
831 1467 976 1546 tempore
992 1473 1177 1528 conservata
1196 1466 1245 1526 fu·

253 1565 382 1604 manum
404 1545 438 1604 in
460 1546 592 1626 pelagus

706 1543 721 1604 I
750 1539 859 1604 issent.

211 1621 295 1690 Inde
317 1627 356 1688 ad
376 1627 495 1690 solidos
514 1627 620 1692 XXV.
628 1651 636 1700 ;
658 1635 694 1686 ut

162 1704 242 1773 XV.
264 1709 380 1792 Siquis
390 1731 517 1772 servum
531 1709 720 1770 ministeria·
813 1779 817 1796 .

250 1791 316 1854 lem
338 1791 504 1855 occiderit.
528 1795 615 1856 Haec
631 1813 721 1853 com-

246 1875 365 1959 positio
398 1877 432 1938 in
463 1897 491 1942 a.
525 1875 606 1938 locis
625 1873 721 1936 habe·

247 1969 311 2024 tur.

685 1956 719 2018 ll

207 2037 290 2104 Inde
312 2043 352 2104 ad
372 2039 633 2112 solidosxxx.;
656 2049 693 2102 ut

160 2117 254 2191 xvl.
274 2123 399 2207 Siquis
420 2125 572 2186 ancillam
596 2125 720 2186 furave-

238 2206 300 2267 -rit
320 2209 407 2268 Haec
421 2205 609 2292 compositio
622 2207 655 2267 in
670 2205 719 2268 26.

246 2287 481 2352 locishabetur.
603 2287 718 2351 XXVI

208 2367 288 2434 Inde
304 2373 344 2434 ad
368 2373 488 2434 solidos
505 2370 657 2444 XXXV.;
682 2379 718 2432 ut

159 2446 275 2516 XVII.
296 2454 329 2516 si
348 2455 421 2537 quis
440 2454 571 2516 alterius
587 2476 718 2516 servum

248 2535 415 2603 furaverit.
431 2537 517 2598 Haec
530 2536 717 2618 compositio
831 2545 1118 2578 ψ’

249 2617 283 2679 in
292 2620 428 2702 29.locis
441 2619 578 2678 habetur
608 2619 718 2680 XXIX

207 2698 288 2762 Inde
304 2703 345 2764 ad
365 2701 485 2764 solidos
499 2701 597 2765 XLV.
606 2725 614 2772 ;
641 2712 677 2761 ut

158 2775 289 2851 XVIII.
311 2784 344 2848 Si
382 2783 455 2867 quis
485 2783 716 2846 Waranionem

248 2867 413 2929 furaverit.
435 2867 520 2928 Haec
530 2868 716 2948 compositio

247 2947 281 3009 in
302 2950 382 3012 locis
398 2952 450 3026 41.
468 2948 615 3014 habetur.
643 2949 715 3010 XLI

205 3027 288 3092 Inde
313 3035 353 3094 ad
373 3032 493 3094 solidos
512 3031 567 3100 L..
594 3039 632 3092 ut

158 3105 258 3174 XIX.
280 3113 400 3198 Siquis
416 3117 594 3176 Romanum
610 3112 642 3172 in
658 3132 714 3256 pei

244 3194 344 3278 lngus.

202 3273 339 3340 Indead
359 3277 478 3340 solidos
495 3272 596 3340 LXII·
612 3286 643 3339 et
663 3275 713 3338 di-

244 3359 394 3432 midium
417 3369 453 3422 ut

158 3439 234 3505 XX.
253 3441 286 3502 si
302 3441 547 3527 quishominem
559 3440 631 3502 vult
644 3461 715 3524 per·

244 3535 355 3588 cutere
377 3523 494 3608 gladio.
521 3525 607 3586 Haec
623 3545 711 3584 com-

242 3607 360 3690 positio
384 3608 417 3668 in
440 3608 491 3672 58.
512 3606 591 3667 locis
611 3597 711 3666 habe·

245 3700 309 3752 tur.
539 3687 710 3750 XXXVIII

199 3770 283 3835 Inde
304 3771 345 3834 ad
357 3769 477 3834 solidos
496 3770 594 3832 LXX.
605 3796 612 3839 ;
622 3845 623 3848 Ἴ
635 3781 670 3830 ut

156 3847 252 3918 XXI.
273 3855 308 3916 Si
329 3853 402 3936 quis
424 3872 554 3916 servum
578 3861 634 3912 aut
651 3874 709 3913 an-

240 3938 348 4000 cillam
370 3937 409 3997 de
431 3933 619 3999 ministerio.
691 3935 709 3998 I

200 4019 281 4082 Inde
300 4019 340 4080 ad
362 4015 481 4080 solidos
497 4016 649 4087 LXXV..
673 4029 709 4080 ut

156 4097 271 4166 XXII.
293 4101 327 4164 Si
349 4098 421 4182 quis
447 4120 575 4184 servam
598 4099 707 4160 minis·

230 4181 504 4248 tranteminhoste
515 4180 677 4244 occiderit.
692 4183 707 4242 I
