2900 5020
203 229 280 303 alt
464 245 568 301 iners
585 245 876 300 unnennnrounn
892 247 963 301 r1r.
983 249 1055 304 xvi.

204 399 242 452 te
258 385 509 471 permanserint,
529 385 557 447 si
578 408 643 447 une
666 393 710 460 o)
739 387 820 450 duee
847 387 962 449 iratres
990 385 1156 469 babuerit,
1179 393 1312 458 tertium

205 471 355 534 iubemus
377 479 414 529 ut
429 469 612 552 portionem
635 469 675 530 de
694 469 873 532 hereditate
892 469 991 552 putris
1010 472 1156 554 uooipiut,
1169 474 1230 537 hoe
1246 490 1310 554 est,

206 554 247 616 de
269 575 307 613 eu
332 561 454 614 tantum
480 561 576 628 terra,
601 574 699 635 qnam
720 561 812 634 puter
836 553 905 614 eius
925 554 1019 614 sortis
1044 554 1115 616 iure
1142 561 1310 639 possidens

203 635 315 716 mortis
337 646 477 717 tempore
495 635 678 717 dereliquit.
696 679 697 688 η
720 635 878 696 Similiter
894 644 925 694 et
941 635 969 696 si
989 647 1127 718 quatuor
1142 650 1196 701 aut
1207 643 1312 724 quiu-

205 723 270 802 qne
289 720 403 780 fratres
429 716 579 778 habuerit
599 724 650 801 p),
671 717 777 798 portio
802 718 831 778 ei
858 717 965 778 debita
983 731 1176 788 reservetur,

286 799 344 862 Vl.
384 798 418 859 Si
440 809 546 860 antem
564 799 621 860 illa
644 820 746 860 unum
768 809 893 860 tentum
914 800 1064 863 babuerit
1079 805 1221 884 fratrem,
1237 827 1309 867 non

203 883 419 960 medietatem,
441 880 498 944 sed
511 882 638 942 tertiam
652 892 776 965 purtem
791 893 1017 964 consequatur,
1040 904 1077 944 eu
1093 885 1218 948 seilicet
1231 910 1310 949 con-

203 967 346 1042 ditione,
376 972 413 1025 ut
437 973 508 1046 post
533 963 657 1025 obitum
685 964 775 1026 illius
801 987 884 1047 quae
909 965 1051 1028 foemina
1073 977 1106 1028 et
1133 970 1309 1032 sanctimo-

205 1049 300 1111 nialis
327 1057 393 1126 est,
423 1046 583 1129 quidquid
614 1047 648 1108 in
678 1047 939 1126 usufructuario,
969 1048 1008 1108 de
1040 1053 1182 1130 paternis
1208 1053 1307 1116 rebus

130 1137 132 1142 '
228 1129 359 1212 ercepit‚
380 1129 419 1189 ud
436 1129 644 1212 proximiores
664 1141 814 1212 parentes
834 1130 1007 1214 pertineat,
1029 1131 1113 1192 nibil
1139 1133 1196 1195 illu
1213 1136 1307 1198 exiu-

202 1154 245 1275 de
273 1211 437 1274 alienandi
466 1220 654 1296 potestatem
676 1211 825 1274 habiture
846 1219 889 1298 q),
911 1213 973 1275 nisi
998 1214 1129 1275 fortitun
1154 1213 1242 1298 quod
1265 1239 1308 1280 ex

202 1299 312 1358 matris
339 1293 467 1374 [bonis,
493 1294 607 1372 idest,
630 1294 664 1354 in
690 1294 856 1358 recellulis
886 1301 912 1377 r)
934 1295 987 1359 vel
1008 1300 1221 1380 ornamentis,
1251 1311 1309 1362 ant

203 1399 244 1440 ex
263 1399 321 1440 sno
342 1376 482 1459 potnerit
502 1377 610 1437 labore
632 1379 825 1460 conquirere
842 1379 881 1458 s].

285 1459 358 1520 Vll.
399 1459 528 1522 Hoehis
547 1467 671 1520 tuntum
691 1461 873 1522 censuimus
894 1483 962 1526 esse
982 1462 1218 1545 praestandum,
1235 1465 1309 1547 qni·

203 1545 262 1605 bus
283 1552 387 1626 patres
412 1563 483 1602 sues
505 1541 566 1602 iam
592 1564 658 1603 non
681 1543 832 1604 dederint
852 1545 1038 1626 portionesz
1059 1546 1192 1629 quodsi
1215 1548 1233 1607 l
1253 1571 1311 1631 pa·

204 1622 253 1686 t're
276 1633 312 1702 t),
333 1623 389 1684 ubi
412 1624 521 1684 vivere
548 1625 686 1706 possint,
709 1626 930 1710 perceperint,
961 1649 1001 1688 ex
1030 1627 1092 1690 boc
1122 1628 1191 1712 ipso
1217 1631 1309 1712 qnod

203 1707 369 1774 voluerint
395 1705 536 1768 faciendi
557 1707 693 1770 liberam
712 1707 851 1771 habeant
875 1715 1072 1792 potestatem.

384 1883 475 1955 Tlr.
501 1880 587 1953 XV.
637 1881 695 1952 De
725 1885 968 1955 commotione
994 1885 1125 1956 litium.

284 2046 312 2113 I.
353 2045 548 2128 Quicunque
577 2044 736 2128 ingenuus
760 2045 948 2126 Burgundio
972 2045 1007 2106 iu
1039 2047 1168 2108 domum
1195 2047 1308 2112 cnius-

201 2127 284 2192 libet
305 2127 345 2189 ad
367 2129 470 2188 rixam
496 2129 655 2209 ingressus
678 2127 787 2206 fuerit,
812 2127 868 2193 Vl.
891 2127 1011 2190 solidos
1033 2130 1150 2191 inferat
1171 2131 1221 2190 illi
1247 2155 1309 2194 cu-

204 2213 254 2276 ius
277 2212 388 2273 domus
409 2218 474 2273 est:
503 2217 535 2271 et
558 2209 695 2270 mulctae
718 2209 849 2282 nomine
876 2210 994 2272 solidos
1025 2213 1093 2274 Xll.
1136 2213 1233 2290 Qnod
1257 2225 1308 2275 ta-

204 2319 278 2357 men
309 2295 397 2353 inter
418 2291 664 2373 Burgundiones
695 2301 727 2354 et
763 2292 922 2354 Romanos
954 2293 1083 2375 aequali
1119 2293 1308 2360 conditione

206 2379 355 2443 volumus
377 2374 540 2436 custodiri.

203 2460 205 2472 ⁴
288 2461 333 2526 11.
375 2459 408 2520 Si
431 2477 509 2518 vero
533 2476 641 2518 servus
662 2455 706 2535 vi,
729 2465 782 2516 aut
803 2476 863 2538 per
889 2455 994 2517 rixam
1016 2457 1049 2519 in
1076 2459 1205 2521 domum
1225 2458 1308 2522 alie·

206 2567 280 2604 nam
303 2543 462 2627 ingressus
498 2540 599 2600 fuerit
622 2560 681 2622 pro
709 2539 871 2601 solutione
900 2537 963 2600 ium
993 2542 1079 2603 dictu
1105 2552 1148 2617 u)
1177 2551 1307 2604 centum

205 2627 339 2688 fustium
367 2626 447 2687 ictus
469 2623 614 2707 accipiat,
636 2631 668 2683 et
689 2622 819 2683 nullum
840 2621 959 2684 exinde
981 2623 1133 2687 damnum
1155 2623 1237 2688 servi
1250 2624 1307 2685 do-

208 2705 314 2773 miuus
334 2708 484 2795 patiatur.

332 2885 420 2956 Tro.
445 2881 551 2958 XVI.
599 2882 657 2952 De
681 2879 936 2974 investigandis
961 2882 1182 2953 animalibus

289 3037 317 3100 l.
359 3033 512 3117 Quisquis
531 3055 590 3116 per
610 3031 779 3114 vestigium
800 3031 967 3113 quodlibet
988 3035 1105 3096 unimal
1128 3043 1158 3108 v)
1177 3043 1307 3097 secutus

211 3122 321 3199 fuerit,
343 3129 376 3180 et
396 3118 435 3178 ad
457 3117 587 3178 domum
611 3116 742 3175 alterius
772 3115 907 3197 vestigio
934 3116 1072 3178 ducente
1099 3116 1307 3198 pervenerit,

196 3194 222 3282 ³(
242 3205 266 3264 si
287 3204 313 3265 ia
339 3201 382 3261 od
400 3199 491 3260 cuius
520 3199 649 3259 domum
676 3197 823 3274 venerit,
852 3219 925 3258 eum
946 3197 1149 3281 prohibuerit
1177 3197 1309 3259 domum

211 3308 299 3348 suom
321 3285 440 3344 intrare
462 3282 501 3344 ad
522 3302 573 3342 res
589 3301 658 3341 suus
679 3279 899 3361 requirendas,
921 3302 978 3362 pro
1001 3280 1062 3342 hoc
1080 3281 1166 3363 quod
1188 3302 1239 3341 res
1258 3303 1309 3343 re·

211 3369 330 3450 poscit,
353 3366 379 3424 is
401 3363 458 3446 qui
480 3387 553 3425 eum
574 3363 613 3424 de
638 3361 732 3421 domo
754 3383 812 3422 sua
833 3362 871 3423 ab
898 3363 1107 3443 inquisitione
1134 3363 1304 3443 repulerit,

211 3472 270 3534 pro
290 3459 340 3512 w)
367 3447 438 3506 lure
459 3454 607 3507 tenentur
627 3443 794 3506 obnoxius.
848 3445 897 3508 Ita
919 3455 957 3505 ut
982 3443 1223 3528 inquisitionem
1244 3467 1308 3508 uec

213 3531 343 3594 mulieri
363 3529 459 3592 liceat
481 3529 649 3612 denegare.

282 3791 310 3862 o)
338 3794 421 3846 Deest
447 3790 476 3840 in
500 3788 610 3843 Herold.
677 3787 708 3860 p)
731 3785 839 3840 Hei-old.
863 3788 889 3840 si
913 3789 1006 3860 plures
1036 3789 1162 3843 habuerit
1187 3785 1306 3859 fratres.

215 3863 245 3938 q)
268 3865 308 3916 nl.
326 3881 374 3920 ms.
407 3861 511 3943 nullum
544 3860 621 3944 illum
646 3887 676 3899 -
703 3857 891 3942 babituram..
936 3860 968 3926 r)
992 3858 1033 3910 Al.
1058 3876 1120 3915 mss.
1150 3857 1308 3910 rescellulis.

214 3931 468 4076 tlltllnlllf
487 3937 955 4070 ‘⁸‘n'll'ltl‘ll‘ttltlll‘
973 3927 1314 4067 'll“l1.“l²l²:l⁰ll:

216 4075 324 4128 dictum.
394 4077 429 4134 v)
445 4069 488 4121 al.
509 4071 668 4140 Quicunque
686 4069 825 4136 vestigium
842 4066 874 4119 de
891 4069 1012 4139 quolibet
1030 4068 1153 4122 animali.
1199 4067 1237 4136 w)
1254 4067 1312 4118 lle-

215 4145 283 4199 rold.
306 4145 333 4196 si
350 4144 378 4196 ie
404 4141 480 4194 usius
494 4138 598 4193 domus
622 4150 679 4202 est,
697 4134 825 4192 intrandi
849 4149 876 4190 et
898 4138 1062 4213 inquirendi
1084 4136 1225 4192 licentiam
1243 4153 1313 4191 eon·

215 4214 443 4286 t1·udixerit,pro
462 4222 510 4264 etc.
