2900 5020
204 225 280 326 m
374 339 377 345 Ι
486 249 590 307 aucis
607 248 902 317 euacurumuun
919 252 990 306 ιιι.
1010 252 1091 308 mit.

205 422 258 470 „m
287 383 334 467 ll.
363 389 398 454 si
417 388 530 453 lancea
543 410 619 458 vere
642 389 695 454 vel
713 390 931 474 quodcunque
949 412 1050 474 genus
1069 410 1228 456 armorum
1246 406 1319 456 aut

202 476 381 570 proiectum
402 471 436 534 in
456 483 559 552 terra,
579 481 636 534 aut
650 473 749 536 lixum
768 472 955 553 simpliciter
979 474 1096 552 fuerit,
1122 485 1155 538 et
1174 497 1249 538 casu
1267 500 1317 540 se

202 557 323 627 ibidem
344 555 439 618 homo
470 563 524 616 aut
550 556 871 638 animalimpulerit,
900 556 994 617 illum
1015 557 1105 618 cuius
1127 579 1212 620 arma
1232 562 1316 622 fue-

108 711 114 724 t
201 639 289 716 rint,
311 637 395 701 nihil
423 635 567 699 iubemus
588 638 769 716 exsolvere,
796 638 858 701 uisi
878 640 961 702 forte
992 638 1039 702 sic
1061 645 1148 700 arma
1174 663 1233 705 suu
1265 642 1313 704 iu

202 741 301 798 mupu
320 729 446 801 teneat,
467 729 503 784 ut
520 720 645 784 homini
665 721 847 806 perieulum
866 721 967 804 possit
988 721 1120 785 inferre.

203 837 299 914 Tm·
320 837 428 908 XIX.
469 839 537 910 'De
557 838 684 910 ablatis
707 836 916 936 pignoribus
947 849 984 908 et
1020 838 1311 920 fideiussoribus.

284 959 310 1020 l.
350 958 416 1038 Qui
436 968 509 1021 aute
535 958 729 1022 audientiam
752 960 976 1042 cuiuscunque
1003 959 1137 1042 pignera
1163 959 1307 1024 abstule-

199 1041 424 1124 rit‚=eaussam
443 1042 574 1124 perdet,
598 1052 631 1105 et
651 1042 770 1104 inferat
790 1044 930 1104 mulctae
953 1043 1082 1103 nomine
1102 1041 1161 1109 sol.
1180 1041 1260 1104 XII.

284 1123 327 1186 ll.
368 1125 563 1207 Quicunque
598 1124 757 1186 caballum
783 1125 925 1188 alienum
948 1124 1039 1208 qnasi
1064 1125 1207 1206 agnitum
1238 1146 1307 1206 pro

200 1207 411 1284 sustulerit,
440 1215 472 1269 et
496 1227 590 1268 suum
612 1227 681 1270 esse
709 1228 774 1268 nou
799 1207 942 1290 potuerit
963 1205 1156 1289 adprobare,
1183 1206 1307 1272 caballi

200 1289 332 1355 alterius
355 1289 497 1352 eiusdem
517 1287 622 1351 meriti
643 1288 810 1351 amissione
832 1289 1008 1356 damnetur.

283 1371 341 1436 lll.
362 1372 412 1448 (Si
440 1371 627 1455 quicunque
648 1393 706 1454 pro
728 1393 784 1450 eo,
807 1393 881 1433 eum
914 1393 979 1456 qne
1006 1393 1148 1436 caussam
1180 1371 1305 1436 habere

199 1476 233 1518 se
253 1463 366 1537 putat,
394 1453 492 1514 alium
515 1452 731 1536 pigneraverit
751 1476 824 1516 cnm
846 1476 911 1537 quo
936 1474 1078 1516 caussam
1097 1455 1220 1516 nullam
1239 1455 1306 1518 ha-

198 1538 255 1600 bet
266 1535 323 1617 j),
345 1545 377 1598 et
394 1536 532 1599 caballos
549 1545 606 1597 aut
622 1535 721 1598 boves
733 1537 846 1600 tulerit
860 1546 916 1597 aut
930 1537 1126 1619 mancipium
1139 1540 1304 1620 rapuerit,

199 1620 319 1682 inserat
338 1640 396 1701 pre
416 1617 550 1701 singulis
571 1618 738 1702 mancipiis
758 1621 812 1682 vel
842 1618 1032 1680 animalibus
1053 1617 1171 1681 solides
1195 1619 1306 1688 binos.

282 1703 338 1766 lV.
379 1701 412 1762 si
440 1701 612 1784 ingenuam
633 1721 800 1783 personam
850 1701 969 1784 ignoris
989 1701 1063 1764 locu
1092 1701 1220 1782 tulerit,
1250 1703 1304 1764 in·

202 1786 287 1850 ferat
312 1803 370 1868 pro
394 1805 431 1846 ea
451 1783 708 1878 praesumptione
736 1793 774 1864 g)
794 1725 913 1846 solidos
935 1785 993 1850 IV.

279 1865 321 1928 V.
363 1865 395 1962 sl
410 1885 554 1948 quispro
569 1873 724 1960 parente,
758 1875 812 1927 aut
835 1867 958 1964 amico,
991 1865 1043 1963 sel
1068 1887 1128 1952 pru
1154 1887 1302 1964 quoeun-

198 1968 280 2036 que,
315 1949 482 2010 fideiussor
512 1957 655 2008 extiterit
678 1969 737 2029 pro
765 1948 911 2032 quolibet
938 1948 1066 2027 debito,
1108 1958 1141 2012 ct
1166 1971 1194 2010 as
1225 1945 1301 2094 qqui

198 2035 258 2096 sub
280 2031 466 2093 fideiussore
489 2029 668 2096 discesserit
686 2031 718 2105 s)
751 2041 801 2092 ter
826 2031 1006 2092 admonitus
1021 2051 1128 2092 eoram
1153 2033 1226 2093 testi
1251 2053 1300 2110 us,

198 2116 252 2178 vel
285 2122 355 2196 post
383 2110 666 2174 'commonitionem
694 2112 899 2194 pigneratus,
941 2114 968 2174 si
1002 2113 1169 2175 convictus
1196 2115 1300 2176 fuerit

197 2196 332 2279 pignora
357 2215 413 2256 cua
437 2193 621 2255 fideiussori
642 2196 782 2276 pervim
804 2194 989 2274 abstulisse,
1025 2204 1057 2256 et
1085 2216 1213 2258 necesse
1230 2199 1300 2258 fue-

196 2279 241 2338 rit
265 2276 483 2338 fideiussorem
504 2297 596 2335 snum
620 2276 651 2347 i)
670 2279 877 2338 constrictum
902 2286 996 2359 utque
1019 2279 1219 2360 compulsum
1241 2281 1299 2340 de-

196 2357 300 2420 bitum
322 2359 361 2419 de
382 2381 439 2419 suo
460 2357 601 2436 solvere,
629 2357 663 2416 in
679 2360 811 2438 triplum
836 2360 920 2437 (ille,
945 2381 1004 2442 pro
1030 2381 1095 2441 quo
1114 2359 1300 2422 fideiussum

198 2453 263 2521 est,
292 2441 421 2522 impleat
442 2441 477 2515 Ιι)
498 2439 658 2526 quidquid
673 2439 892 2504 fideiussorem
908 2443 943 2502 iu
965 2441 1025 2503 bae
1040 2463 1148 2504 caussa
1165 2443 1301 2508 solvisse

198 2523 380 2587 eonstiterit
403 2525 436 2603 l).
824 2541 826 2546 ·

281 2606 338 2686 Vl.
379 2605 586 2668 Medusvero
605 2605 776 2689 pignorum
798 2606 852 2668 hic
876 2606 956 2686 erit,
985 2609 1159 2670 uttertiam
1174 2613 1296 2689 partem

197 2690 366 2752 fideiussor
386 2688 519 2770 amplius
551 2689 662 2766 tollat,
699 2711 794 2770 qnam
818 2711 938 2750 summa
966 2690 1066 2751 debiti
1089 2699 1153 2766 est,
1184 2698 1215 2750 et
1241 2689 1294 2749 de·

197 2772 331 2834 nunciet
361 2793 468 2832 eoram
490 2771 621 2832 testibus
651 2770 797 2838 debitori,
847 2771 970 2850 Quodsi
1002 2774 1086 2835 iutra
1118 2782 1182 2833 tres
1209 2791 1321 2835 men·.

196 2877 246 2916 ses
278 2855 382 2916 soluto
404 2852 515 2913 debito
542 2854 674 2934 pignora
702 2875 841 2920 aaaron
871 2855 1070 2938 perceperit,
1094 2852 1294 2938 postmodum

197 2938 238 3000 e'a'
256 2935 445 3018 requirendi
467 2936 667 3018 pontificium
691 2940 731 3010 m)
753 2957 817 2996 non
842 2935 980 2996 habebit.

209 3035 219 3048 ⁸
246 3019 355 3084 ‘''Vll.
399 3017 433 3079 si
453 3017 498 3094 is,
520 3017 576 3100 qui
598 3016 816 3078 fideiussorem
837 3017 942 3092 dedit,
973 3037 1037 3076 non
1056 3014 1204 3076 habuerit
1231 3037 1293 3077 un-

197 3101 378 3174 dissolvat,
411 3100 514 3182 ipsum
540 3099 708 3160 fideiussor
728 3096 766 3183 n)
788 3100 828 3159 ad
856 3121 889 3160 se
913 3098 1140 3160 absolvendum
1171 3099 1291 3178 tradat,

197 3191 265 3246 'cta
290 3183 474 3243 fideiussore
494 3181 584 3241 aliud
615 3203 679 3241 non
709 3181 899 3263 requiratur.

275 3266 367 3330 VlII.
410 3261 505 3342 Quod
546 3261 572 3324 si
607 3262 854 3324 dissimulaverit
904 3263 1037 3346 implere
1078 3262 1169 3343 quod
1197 3260 1294 3350 placi·

195 3357 266 3413 tum
293 3356 357 3424 est,
380 3357 412 3408 et
447 3365 575 3408 neeesse
603 3345 702 3407 fuerit
729 3345 947 3408 fideiussorem
968 3345 1175 3408 constrictum
1195 3355 1290 3424 atque

196 3430 391 3514 compulsum
414 3427 557 3489 debitum
588 3427 627 3488 de
658 3449 715 3490 suu
739 3427 881 3503 solvere,
916 3428 948 3487 iu
982 3427 1115 3509 triplum
1149 3427 1188 3486 ab
1218 3427 1289 3504 illo,

197 3522 271 3595 (pro
292 3533 356 3594 quo
377 3509 562 3571 fideiussum
583 3520 637 3571 est
663 3507 717 3591 o),
746 3509 915 3591 impleatur
940 3509 1099 3592 quidquid
1133 3509 1290 3572 fideiusse·

199 3617 269 3680 rem
294 3595 328 3654 in
351 3593 411 3656 hac
432 3614 539 3654 caussa
568 3590 697 3654 solvisse
718 3592 905 3654 eonstiterit.

117 3790 124 3802 =
234 3787 237 3832 3
254 3765 416 3840 s)Herold.
436 3766 466 3818 Si
483 3767 544 3837 quis
562 3783 619 3818 cum
638 3764 695 3816 alio
712 3781 741 3816 sc
759 3781 868 3816 causam
885 3763 983 3816 babere
1002 3741 1127 3834 reputat,
1147 3777 1173 3816 et
1190 3763 1290 3816 nullm

113 3833 121 3848 '
196 3857 285 3892 secum
302 3856 412 3890 causam
438 3836 579 3886 habesstem
595 3835 792 3905 pigneraverit.
860 3836 893 3902 g)
921 3835 1005 3886 Deest
1031 3835 1060 3884 in
1087 3833 1194 3885 Herold.
1260 3831 1289 3900 t)

196 3910 305 3964 Desunt
321 3907 350 3957 in
369 3906 477 3958 Herold.
496 3905 536 3956 ll.
555 3921 601 3955 ms.
620 3921 690 3974 quae
706 3901 755 3974 fid.
775 3905 926 3955 excesserit.
997 3905 1019 3972 i)
1036 3905 1119 3956 Deest
1135 3903 1165 3954 in
1182 3902 1289 3955 Herum

196 3979 224 4050 lt)
241 3979 282 4040 Al.
302 3995 361 4028 mss.
380 3979 411 4026 in
436 3975 545 4044 triplum
563 3974 662 4026 abillo
682 3991 759 4046 quem
776 3972 903 4042 fidedixit
926 3973 1077 4043 implentur.
1129 3972 1237 4024 Herold.
1256 3971 1295 4020 ab.

195 4053 231 4116 ep!
246 4049 291 4102 cui
299 4045 385 4120 fidem
404 4043 490 4105 dixit,
511 4043 662 4112 impleatur.
713 4042 859 4112 tJCaetera
877 4041 951 4110 Legis
969 4040 1188 4107 burgundionum
1197 4041 1226 4091 in
1238 4041 1288 4092 Cu·

196 4117 276 4184 dice„
296 4135 349 4186 ιμιυ
368 4114 499 4167 lleroldus
517 4111 644 4164 utebatur
661 4113 780 4166 deerant.
849 4131 873 4164 m
903 4112 943 4163 Al.
959 4108 1128 4182 potestatem'.
1199 4112 1230 4180 n)
1247 4111 1293 4172 Al„

194 4201 255 4242 mss.
273 4183 436 4255 fideiussori.
508 4185 540 4252 e)
557 4183 597 4234 ill.
616 4199 675 4236 iuss.
694 4201 771 4256 quem
787 4181 850 4252 fide»
880 4183 940 4237 ixit.
1224 4203 1227 4210 ·
