2900 5020
220 282 294 360 tlt
567 293 675 356 neers
693 301 984 356 nuneunmonuu

218 443 338 508 solldos
355 441 413 508 IV.
453 441 518 503 Pro
538 439 678 526 caupulc
704 461 783 504 vero
808 441 928 504 solidos
948 439 1007 508 lV.
1035 451 1067 504 et
1084 442 1257 505 ,mulctes
1287 465 1350 506 uc·
1426 402 1427 443 ¹

220 529 308 590 mine
329 525 448 590 solidos
469 523 515 586 Π.

299 611 344 673 ΙΙ.
388 609 423 671 si
443 628 553 671 servus
573 605 636 668 hoc
657 605 783 684 lecerit,
805 628 864 689 pro
892 628 972 668 neve
1001 607 1165 670 ducentos
1199 608 1346 672 fustium

219 694 304 756 ictus
326 692 482 776 accipiet:
509 711 569 773 pro
586 690 725 771 canpnlo
747 711 836 767 vero,
859 699 990 750 eentum
1011 689 1151 754 fustium
1178 691 1276 759 ictus
1298 715 1349 755 uc·
1425 735 1426 738 η

217 778 327 863 cipiet,
349 785 383 838 ct
406 772 537 838 domino
559 771 643 836 servi
664 772 747 834 nihil
769 783 953 854 quaeratur.

488 929 578 1000 ΤΙΤ.
602 926 707 1001 VIII.
757 926 817 997 Do
842 925 1053 1002 viatoribus.

299 1057 496 1141 Quicunque
509 1055 727 1139 mancipium,
749 1056 920 1132 caballum,
941 1056 1068 1134 bovem,
1083 1078 1248 1138 vaccum,
1267 1081 1344 1124 ver-

217 1163 349 1220 recem,
369 1163 523 1225 porcum,
545 1161 655 1232 apem,
676 1161 802 1224 caprum
823 1139 1019 1222 perdiderit,
1041 1138 1144 1204 donet
1163 1143 1270 1225 regio
1283 1166 1342 1228 pro

217 1225 397 1307 mancipio,
425 1224 546 1286 solidos
573 1222 736 1306 quinque:
770 1245 828 1306 pro
851 1243 950 1303 equa,
984 1221 1104 1284 solidos
1135 1224 1252 1288 duos:
1283 1247 1344 1310 pro

216 1308 359 1380 caballo,
391 1307 510 1370 solidos
532 1315 623 1370 tres:
649 1328 709 1390 pro
738 1305 822 1368 bove
845 1305 977 1387 optimo,
998 1303 1118 1370 solidus
1142 1306 1253 1372 dnos:
1281 1331 1340 1394 pro

219 1411 326 1472 pecca,
347 1391 487 1454 solidum
508 1409 628 1450 unum:
659 1409 720 1474 pro
742 1409 848 1474 capra,
869 1388 1056 1452 tremissem.

462 1544 554 1615 Tru.
579 1543 648 1615 IX.
698 1542 757 1614 De
781 1541 1060 1640 fideiussoribus.

301 1672 500 1756 Quicunque
521 1681 586 1734 tem
598 1671 788 1755 Burgundio
809 1693 906 1754 quam
921 1673 1083 1736 Romanus
1101 1672 1335 1738 fideiussorem

216 1759 388 1840 acceperit,
415 1765 447 1818 et
467 1777 527 1838 pro
548 1755 771 1833 fideiussione,
796 1765 851 1816 snt
870 1755 1018 1838 quolibet
1039 1755 1150 1819 debito
1174 1779 1232 1820 res
1252 1779 1335 1818 uxo·

215 1839 260 1904 ris
282 1839 468 1922 pignoratae
497 1838 700 1933 snut,·npnd
721 1837 942 1901 fideiussorem
970 1859 1065 1901 suum
1093 1859 1128 1901 sc
1159 1840 1332 1919 absolvet,

106 1977 107 1984 ,
215 1930 250 1994 et
267 1943 318 1986 res
339 1921 450 1986 uxoris
470 1942 553 2006 quae
579 1930 767 2004 pigneratus
790 1930 875 2000 sunt,
895 1920 1056 1988 restituat.

217 2075 308 2150 Ttn’.
334 2073 386 2151 X.
434 2076 494 2150 Dc
519 2073 668 2154 canibus
692 2073 867 2244 veltralis,
910 2086 973 2146 sut
1003 2076 1151 2170 segutiis
1178 2088 1247 2148 eut
1272 2069 1330 2170 pe-
1427 2085 1428 2136 l

675 2185 808 2244 truncu
824 2201 870 2256 rs,

220 2322 222 2330 ¹
297 2301 331 2364 si
354 2302 428 2386 quis
449 2324 561 2366 canem
581 2301 752 2382 veltranm,
775 2311 829 2362 ent
848 2301 1032 2386 segutium,
1066 2303 1121 2366 rel
1147 2312 1326 2388 petruncu-

214 2383 284 2446 lnm
312 2385 561 2470 praesumpserit
580 2384 749 2463 involute,
777 2385 923 2448 iubemus
954 2397 990 2448 nt
1018 2386 1192 2454 convictus
1222 2406 1326 2448 coram

213 2467 304 2530 omni
324 2470 445 2552 populo
467 2467 645 2554 posteriora
666 2467 765 2550 ipsius
787 2470 971 2532 osculetur:
1007 2477 1063 2530 ent
1092 2470 1245 2552 quinque
1275 2489 1325 2530 so·

214 2549 297 2612 lidos
315 2551 365 2612 illi
380 2551 471 2613 cuius
489 2571 602 2612 canem
615 2551 793 2629 involavit,
814 2562 947 2636 cogatur
963 2553 1152 2620 exsolvere:
1177 2562 1211 2616 et
1229 2551 1325 2616 mulo·

214 2640 265 2698 tue
288 2633 419 2700 nomine
442 2633 563 2698 solidos
585 2632 676 2700 dnos.

481 2789 572 2860 Tru.
598 2787 667 2858 XI.
720 2788 778 2859 De
802 2790 1062 2883 acceptoribus.

295 2917 340 2982 si·
353 2918 425 3000 quis
447 2927 649 3014 acceptorem
664 2915 809 2980 alienum
821 2916 966 2979 involare
985 2917 1249 3002 praesumpserit,
1270 2921 1320 2974 aut

105 3075 108 3082 ⁴
213 3023 270 3064 sex
291 3001 402 3063 uncias
423 3023 529 3064 carnrs
553 3009 703 3083 acceptor
724 2999 792 3083 ipse
814 3021 912 3085 super
930 3011 1072 3064 testones
1093 3002 1254 3078 comedat,
1269 3005 1318 3056 aut

213 3093 300 3147 certe
324 3085 351 3145 si
374 3085 528 3158 noluerit,
554 3105 611 3145 sex
636 3082 757 3145 solidos
780 3084 849 3161 illl,
877 3082 969 3144 cuius
999 3093 1150 3165 acceptor
1173 3093 1239 3162 est,
1267 3101 1317 3140 co·
1427 3133 1428 3136 ,

213 3176 309 3249 gutur
330 3166 512 3230 exsolveres
540 3167 679 3229 mulctae
699 3176 808 3229 autem
827 3167 958 3244 nomine
979 3166 1100 3228 solidos
1122 3168 1213 3230 duos.

217 3351 308 3422 'Ptr-
334 3351 420 3430 XII.
472 3352 531 3424 De
551 3353 943 3522 venditipnibus,·quae
968 3355 1046 3424 sine
1063 3356 1215 3425 testibus
1235 3325 1335 3422 scri?

506 3473 510 3482 ’
657 3465 841 3532 ‚untur
952 3459 954 3469 ’

296 3578 325 3642 I.
367 3578 404 3640 Si
429 3578 502 3661 quis
532 3579 750 3662 mancipium,
781 3590 836 3642 ant
856 3601 984 3664 agrum,
1013 3591 1067 3642 unt
1089 3581 1229 3656 vineam,
1259 3578 1310 3665 apl

214 3683 331 3735 aream,
353 3662 405 3724 uel
429 3665 559 3724 domum
573 3665 688 3724 sectam
708 3663 743 3722 in
765 3685 962 3746 quocunqne
984 3661 1064 3725 loco
1079 3661 1304 3748 comparaverit,

209 3745 362 3806 iuhemus
383 3754 419 3806 ut
439 3744 466 3808 si
492 3765 558 3806 non
579 3745 678 3812 fuerit
699 3745 838 3828 firmata,
869 3756 924 3809 unt
944 3746 1145 3831 subscripta,
1175 3738 1303 3828 pretium

239 3829 337 3895 erdut.
1065 3849 1067 3854 ·

214 3849 236 3916 P
299 3912 343 3977 Π.
378 3911 479 3971 ¹Certe
500 3906 527 3969 si
549 3932 567 3970 e
593 3909 657 3972 loci
679 3909 767 3972 illius
795 3912 1042 3975 consistentibus
1071 3911 1223 3994 scripturn
1244 3900 1308 3984 iptfl

216 3992 339 4079 signata
361 4015 425 4057 non
449 3993 558 4071 fuerit,
579 4004 634 4054 aut
653 4003 776 4077 septem
803 4005 858 4056 ant
880 3997 1026 4078 quinque
1048 3994 1190 4058 testibus.

297 4077 356 4140 ΙΙΙ.
399 4077 494 4135 Certe
516 4076 543 4136 si
564 4077 710 4158 quinque
740 4086 834 4138 testes
861 4079 900 4140 ad
925 4099 1074 4160 praesens
1104 4071 1308 4139 insontium

214 4159 348 4237 fuerint,
370 4167 433 4220 tres
450 4158 587 4222 idoneos
608 4166 705 4222 testes
727 4158 791 4220 loci
812 4160 901 4222 illius
922 4160 1149 4236 consistentes,
1180 4165 1311 4240 qnorum

215 4240 484 4330 iumu'nunqnum
504 4241 663 4316 ustulata
685 4251 750 4323 ost,
770 4243 983 4332 praecipimnr
1002 4239 1254 4310 subscribentes

1427 3763 1428 3816 l

1419 3811 1428 3890 l
