2900 5020
219 203 293 286 860
514 219 618 282 ursis
635 216 834 274 ra1s1onuu
859 215 933 273 nr.
952 215 1026 276 ππ.

218 365 352 456 petraria
374 362 474 509 hirst
500 360 742 448 interpellatus,
765 356 799 418 iu
825 355 1017 420 vestimento
1040 353 1094 420 rel
1112 353 1275 441 pecunia
1310 350 1379 414 iu-

220 473 292 516 rare
313 458 443 536 poten.

420 597 511 668 'Pru
536 592 641 667 XIII.
692 594 750 664 De
774 603 902 688 stupro
928 591 1153 662 ancillarum.

303 733 330 794 l.
371 727 437 808 Qui
459 747 533 789 cum
551 725 670 790 ancilla
695 722 848 801 alterius,
876 743 960 804 quae
981 742 1042 784 nec
1064 720 1242 803 mulgere,
1286 741 1370 782 nec

221 813 344 879 molere
366 813 466 887 solet,
493 821 602 891 'quam
624 805 817 888 bordmagad
838 813 975 882 vocant,
1009 805 1197 868 moechatus
1219 803 1367 884 fuerit,

222 899 316 966 solid.
337 897 409 958 XII.
428 893 580 954 mulctam
596 890 725 954 domino
745 889 814 952 eius
829 895 962 971 cogatur
976 887 1152 950 exsolvere.

345 1049 436 1120 Tm.
461 1043 568 1120 XIV,
615 1042 675 1114 De
698 1042 848 1112 homine
872 1042 911 1112 in
934 1042 1043 1112 turbe
1067 1045 1197 1118 occiso.

304 1177 333 1241 l.
373 1177 408 1238 Si
431 1175 529 1238 bomo
554 1170 708 1258 quislibet
729 1170 763 1231 iu
783 1169 944 1234 seditione
971 1180 1025 1232 aut
1047 1180 1081 1248 u)
1100 1173 1195 1236 turba
1213 1177 1356 1260 populi

220 1260 322 1324 fuerit
346 1259 555 1334 interfectus,
595 1277 656 1316 nec
682 1254 844 1316 homicida
875 1253 995 1336 poterit
1022 1254 1166 1318 inveniri
1197 1271 1354 1343 propter

221 1341 461 1405 multitudinem
481 1359 609 1418 eornm,
631 1336 689 1419 qui
703 1337 854 1416 aderant,
876 1336 955 1398 licet
972 1335 1021 1417 ei,
1043 1339 1101 1420 qui
1124 1343 1349 1425 compositio-

221 1448 296 1488 nem
326 1425 426 1508 ipsins
450 1442 605 1506 quaerere
629 1421 719 1498 vult,
751 1419 791 1480 de
811 1419 986 1484 homicidio
1009 1441 1111 1504 nsque
1139 1424 1179 1485 ad
1206 1436 1346 1506 septem

219 1507 368 1568 homines
391 1505 618 1587 interpellare,
640 1513 672 1565 et
691 1502 870 1585 unicuique
892 1523 1004 1564 eorum
1020 1505 1142 1568 crimen
1160 1505 1344 1569 homicidii

222 1591 381 1667 obiicere,
417 1597 449 1648 et
467 1586 562 1650 debet
582 1583 804 1668 unusquisque
825 1607 936 1648 eorum
950 1607 1006 1648 sna
1022 1588 1212 1650 duodecima
1231 1613 1342 1652 mann

222 1672 339 1735 obiecti
349 1669 492 1733 criminis
509 1691 541 1731 se
556 1667 725 1752 purificare
740 1677 948 1733 sacramento.
990 1670 1086 1732 Tunc
1099 1669 1240 1734 ducendi
1255 1684 1340 1735 suut
1427 1678 1430 1752 ξ

222 1757 260 1817 ad
276 1754 458 1830 basilicam,
479 1762 510 1814 et
529 1761 630 1814 sortes
651 1772 748 1833 super
763 1751 861 1815 altare
877 1751 1025 1813 mittendi
1047 1759 1093 1831 ν),
1114 1755 1167 1818 vel
1190 1755 1216 1816 si
1237 1756 1337 1818 iuxta
1428 1762 1431 1836 l

220 1837 400 1902 Ecclesiam
437 1835 506 1896 lieri
537 1855 601 1895 non
633 1832 796 1916 potuerit,
830 1855 928 1918 super
955 1835 1109 1918 reliquias
1133 1847 1336 1908 sanctornm,

222 1922 314 1998 Quae
337 1928 437 1980 sortes
458 1918 537 1980 tales
558 1937 624 1978 esse
646 1916 779 1976 debent:
816 1919 891 1980 Duo
910 1916 986 1994 tali,
1008 1919 1048 1980 de
1070 1919 1160 2003 uirga
1177 1921 1332 2003 praecisi,

221 2025 303 2084 quos
315 2013 407 2064 tenos
421 2010 549 2073 vocant,
571 2019 709 2080 quorum
723 2020 807 2059 unus
821 2000 914 2083 signo
929 1999 1033 2062 crucis
1044 2000 1251 2084 dignoscatur
1261 2013 1329 2082 ωε

221 2085 304 2150 alius
324 2105 421 2166 purus
442 2081 629 2157 dimittitur,
652 2090 684 2142 et
699 2083 773 2142 lena
792 2081 912 2144 munda
930 2082 1092 2160 obvoluti,
1113 2107 1211 2167 super
1226 2086 1330 2150 altare

220 2189 279 2228 sen
298 2163 451 2246 reliquias
470 2165 657 2238 mittuntur,
680 2172 712 2224 et
727 2165 893 2248 presbyter
909 2165 936 2227 si
952 2164 1110 2244 adiuerit,
1132 2168 1186 2230 vel
1202 2167 1229 2229 si
1242 2191 1330 2248 pres·

219 2250 313 2333 byter
329 2249 436 2322 deest,
458 2267 540 2329 puer
556 2244 695 2328 quilibet
714 2245 891 2324 innocens,
914 2268 1016 2310 unum
1035 2248 1169 2331 deipsis
1188 2253 1327 2316 sortibus

221 2331 262 2410 de
284 2330 376 2392 altari
399 2329 512 2390 tollere
534 2329 648 2403 debet,
681 2337 712 2389 et
736 2328 865 2390 iuterim
882 2332 971 2394 Deus
993 2331 1193 2410 exorandus,
1225 2334 1253 2396 si
1273 2335 1325 2396 illi

221 2422 364 2496 septem,
398 2411 454 2492 qui
471 2411 510 2472 de
531 2409 706 2471 homicidio
722 2412 888 2474 commisso
912 2413 1120 2493 iuraverunt,
1142 2437 1255 2478 rernm
1278 2417 1325 2478 iu·

219 2505 362 2573 rassent,
384 2491 527 2556 evidenti
548 2493 638 2574 signo
658 2493 811 2556 ostendat.
853 2494 887 2555 Si
903 2494 996 2556 illum
1004 2541 1014 2575 ,
1036 2497 1094 2579 qui
1110 2519 1206 2562 cruce
1223 2501 1325 2584 signe·

220 2587 271 2640 tus
289 2587 354 2655 cst,
373 2575 556 2648 sustulerit,
580 2575 768 2637 innocentes
787 2587 892 2654 erunt,
914 2578 971 2660 qui
985 2579 1187 2660 iuraverunt,
1208 2581 1234 2644 si
1246 2605 1324 2645 vero

220 2661 358 2725 alterum
380 2658 526 2735 sustulit,
558 2666 636 2718 tune
660 2657 883 2741 unusquisque
903 2661 1035 2723 illorum
1060 2672 1198 2746 septem,
1229 2664 1324 2738 faciat

220 2765 310 2808 suam
328 2752 460 2824 sortem,
482 2740 516 2803 id
536 2748 600 2816 est,
627 2748 739 2801 tenum
758 2742 798 2803 de
820 2742 927 2826 virga,
960 2753 993 2805 et
1012 2742 1118 2827 signet
1136 2746 1231 2828 signo
1253 2769 1323 2827 suo,
1429 2791 1430 2810 t

220 2835 260 2894 nt
277 2847 352 2888 cum
366 2835 429 2888 tam
443 2820 517 2901 ille,
539 2843 634 2906 qnam
649 2821 785 2902 caeteri,
807 2824 865 2905 qui
883 2825 1108 2906 circumstant,
1130 2850 1321 2912 cognoscere
1429 2827 1430 2852 ¹

220 2904 361 2991 possint,
383 2915 415 2968 et
434 2904 607 2968 obvolvant
626 2914 667 2978 x)
688 2905 761 2964 lana
779 2907 918 2988 munda,
941 2921 974 2972 et
988 2909 1081 2970 altari
1100 2931 1158 2972 eeu
1176 2911 1320 2994 reliquiis
1429 2933 1430 2974 t

219 2993 448 3072 imponantur,
471 2997 503 3049 et
522 2986 688 3070 presbyter
706 2987 733 3049 si
748 2987 903 3070 adfuerit,
924 2991 952 3054 si
973 3012 1050 3053 vero
1066 3014 1151 3070 nou,
1173 3004 1211 3054 nt
1227 3016 1321 3079 supe·
1429 2999 1430 3064 ἱ

218 3073 315 3152 rius,¹
336 3093 420 3156 puer
440 3069 597 3133 innocens
621 3091 885 3156 unumquemque
912 3074 1044 3136 illorum
1071 3072 1259 3158 singillatim
1280 3077 1319 3139 de
1429 3089 1430 3094 ’

220 3155 313 3215 altari
334 3154 445 3230 tollat,
467 3156 501 3214 et
525 3153 572 3228 ei,
595 3151 651 3232 qui
670 3175 758 3214 suam
777 3166 896 3218 sortem
912 3179 979 3220 esse
996 3158 1318 3242 cognoverit,‘rogat,
1429 3171 1430 3222 l

219 3236 322 3317 Quies
341 3244 459 3298 sortem
481 3245 655 3296 extremam
676 3255 743 3298 esse
763 3237 952 3322 contigerit,
972 3237 1030 3302 ille
1051 3237 1219 3302 homicidii
1237 3263 1316 3304 com·
1429 3227 1430 3284 l

218 3315 413 3393 positionem
427 3315 611 3398 persolvere
629 3325 777 3402 cogatur,
798 3321 948 3402 caeteris,
969 3342 1108 3406 quorum
1120 3334 1219 3389 sortes
1232 3323 1316 3408 prius

217 3399 341 3466 levatae
364 3407 454 3478 sunt,
476 3397 638 3461 absolutis.

302 3483 342 3548 ΙΙ.
385 3481 419 3543 Si
437 3489 543 3542 nutem
567 3481 600 3540 in
620 3478 721 3562 prima
743 3479 879 3544 duarum
899 3483 1033 3546 sortium
1049 3484 1200 3550 missione
1221 3487 1312 3565 illam,

218 3587 300 3648 quae
328 3563 546 3648 crucislsigno
569 3571 676 3622 notata
694 3573 761 3642 est,
793 3567 977 3645 sustulerit,
1000 3567 1190 3632 innocentes
1215 3577 1308 3646 erunt,

217 3649 302 3710 sicut
320 3645 555 3728 praediximus,
576 3655 713 3727 septem,
736 3645 792 3727 qui
813 3647 1017 3728 iuraverunt,
1040 3659 1072 3710 et
1089 3650 1166 3730 ille,
1187 3651 1213 3716 si
1232 3650 1307 3729 velit,

208 3730 298 3791 ¹alios
317 3730 357 3790 de
378 3728 491 3790 eodem
513 3727 687 3789 homicidio
716 3727 921 3811 interpellet,
955 3733 1199 3817 etquicunque
1223 3727 1309 3792 inter·
1423 3781 1426 3792 .

216 3812 355 3896 peilatus
372 3810 488 3887 suerit,
509 3831 565 3872 sua
582 3809 772 3870 duodecima
792 3831 889 3873 mann
913 3814 1107 3897 perfectorio
1125 3822 1309 3880 sacramento

216 3917 252 3959 ae
271 3896 367 3964 debet
386 3913 556 3970 excusare,
578 3900 610 3954 et
628 3891 661 3951 in
677 3891 740 3953 hoc
757 3892 990 3975 interpellatori
1011 3897 1165 3972 sulficiutr
1187 3919 1248 3962 uec
1264 3897 1311 3958 ul·

216 3979 317 4040 terius
334 3978 375 4040 ad
396 3985 513 4040 sortem
529 3973 707 4056 quemlibet
720 3977 916 4062 compellere
929 3988 1045 4064 potest.

244 4133 324 4210 5¹⁴),
340 4131 416 4184 lind.
442 4149 483 4183 ae.
527 4145 534 4160 ⁸
572 4131 603 4200 ν)
630 4129 706 4182 Lind.
734 4128 889 4188 mittendae.
919 4163 922 4170 a
969 4135 1007 4206 w)
1031 4134 1140 4190 Herold.
1167 4138 1307 4194 inescatur.

215 4199 254 4271 x)
271 4199 346 4253 Lind.
367 4201 555 4256 obvolvantur.
1249 4243 1251 4248 .
