2876 4992
222 289 271 382 86
330 323 335 340 “
532 317 635 380 euers
655 323 897 378 eruemur
922 325 1041 384 mix.·

264 463 330 539 III,
353 457 407 528 <Si
432 455 520 527 Siris
543 463 714 525 hominem
736 483 821 522 com·
886 463 946 528 111.
988 465 1023 526 si
1056 463 1134 533 stris
1172 461 1324 526 hominem

220 548 345 630 ederit,
356 545 675 623 eteouvietufuerit,
695 546 817 608 VIIIM.
844 547 1031 622 comederit,
1054 559 1087 610 et
1100 545 1244 608 convicta
1258 547 1324 608 fue.

221 633 296 694 deu.
315 631 371 714 qui
396 629 521 692 faciunt
540 629 598 693 sul.
619 629 682 698 GC.
702 627 815 710 culpa·
842 629 896 706 rit,
911 629 1035 690 VIIIM.
1058 628 1323 712 den,quifuc.sul⁴

151 721 155 734 ‘
218 713 296 780 Iulis
314 711 487 778 iudicetur.
643 733 646 736 ·
842 713 906 778 CC.
924 711 1094 796 culpabilis
1123 712 1289 774 iudicetur.

216 853 309 944 Tm.
341 860 521 941 LXVIII.
579 861 638 934 De
672 861 812 936 cabalio
838 864 931 938 Tm.
956 865 1135 937 LXVIII.
1184 866 1241 936 De
1256 868 1324 939 Ca-

395 963 630 1038 excarricato.
861 963 961 1036 bello
997 967 1218 1038 excorticaro
1243 966 1291 1063 x).

256 1137 284 1198 Ι.
324 1133 361 1195 Si
378 1131 451 1214 quis
465 1127 723 1192 caballumextra
736 1149 811 1190 con·
879 1127 905 1195 I.
948 1130 1068 1214 Siquis
1087 1129 1324 1194 caballumulie-

213 1215 325 1282 uilium
343 1213 465 1276 domiui
483 1212 532 1274 sui
552 1211 808 1289 decorticarerit,
836 1235 916 1275 uum
931 1214 1001 1275 siue
1025 1236 1187 1276 consensu
1207 1237 1324 1298 posses·-

216 1295 332 1382 (ΜΒ.
352 1289 533 1374 Lendardi)
563 1295 630 1360 DC.
655 1293 728 1360 deu.
751 1295 808 1378 qui
836 1298 916 1361 suris
935 1296 1201 1375 decorticaverit,
1235 1307 1266 1358 et
1281 1296 1324 1357 iu-

209 1381 337 1448 fuciuut
349 1379 411 1442 sul.
437 1377 510 1444 XV.
533 1375 703 1458 culpabilis
721 1377 809 1440 iudi·
834 1387 1022 1460 terrogutus‚
1037 1379 1137 1440 fuerit
1157 1380 1323 1458 coufessus,

141 1501 142 1504 =
214 1472 327 1540 cetur,
349 1469 484 1543 exsepto
507 1458 642 1540 capitale
665 1469 698 1519 et
717 1459 808 1522 dela·
834 1462 995 1524 caballum
1025 1462 1130 1546 ipsum
1158 1463 1194 1522 iu
1226 1463 1321 1547 capite

211 1553 294 1610 turm
336 1543 420 1606 Etsi
437 1543 602 1620 coufessus
620 1541 730 1620 fuerit,
753 1565 807 1604 cu·
832 1545 990 1606 restituat.

208 1627 309 1711 pitaie
331 1619 457 1689 tuntum
480 1623 645 1700 restituat,
675 1623 701 1686 si
730 1646 805 1691 veru
876 1627 916 1687 11.
958 1626 992 1688 Si
1013 1646 1091 1686 vero
1113 1623 1275 1706 negaverit
1294 1633 1323 1685 et
1405 1649 1408 1677 t

101 1751 104 1756 -
208 1715 317 1790 negat,
336 1698 369 1768 et
387 1705 553 1772 convictus
575 1703 697 1786 fuerit,
711 1705 805 1773 solid.
833 1709 1003 1780 convietus
1023 1706 1141 1786 fuerit,
1163 1707 1232 1768 DC.
1255 1707 1322 1774 den.

206 1788 284 1862 XV.
307 1797 486 1876 componet.
832 1791 889 1877 qui
918 1789 1042 1852 faciunt
1073 1791 1131 1857 sol.
1157 1789 1230 1851 XV.
1259 1810 1321 1852 exo.

832 1895 902 1956 cup.
923 1883 956 1935 et
972 1873 1027 1934 dii.
1044 1871 1130 1956 culp.
1149 1869 1217 1933 iud.
1277 1939 1278 1944 ἵ
1405 1884 1407 1966 ,

210 2021 302 2096 ru.
326 2021 473 2094 Lxrx.
522 2023 582 2092 us
602 2047 647 2091 00
664 2021 803 2115 qumo-
832 2023 926 2093 'uu
952 2021 1133 2098 uxum.
1192 2022 1252 2093 ue
1281 2046 1321 2092 00
1405 1983 1406 2050 ³

207 2123 345 2218 minem
376 2125 503 2198 vivum
535 2124 580 2194 de
613 2120 716 2191 furca
746 2132 803 2192 tu·
831 2125 893 2218 qui
925 2121 1110 2192 homiuem
1137 2121 1183 2190 de
1215 2124 1321 2212 bargo
1408 2151 1409 2217 j

453 2219 551 2297 ierit.
794 2305 797 2309 ἡ
854 2221 916 2296 vel
934 2220 1094 2290 desurca
1111 2220 1298 2295 dimiserit.

246 2383 274 2450 Ι.
315 2382 349 2446 si
366 2381 438 2464 quis
457 2379 623 2444 homiuem
638 2382 748 2444 vivum
762 2379 802 2443 de
871 2383 896 2446 I.
937 2383 972 2444 si
999 2383 1072 2464 quis
1094 2380 1260 2443 homiuem
1284 2380 1319 2442 de

204 2466 299 2528 furca
324 2465 438 2526 tollere
466 2463 730 2548 praesumpserit,
769 2473 802 2525 et
829 2465 927 2548 burgo
947 2467 998 2528 vel
1015 2467 1053 2526 de
1073 2467 1163 2526 furca
1179 2465 1250 2526 siue'
1265 2486 1320 2525 vo-

206 2549 283 2630 suga
299 2547 405 2630 lapsus
429 2547 547 2624 fuerit,
574 2547 630 2608 ille
652 2547 708 2627 qui
727 2567 802 2607 eum
830 2548 954 2609 luntate
987 2547 1108 2609 iudicis
1150 2545 1320 2621 dimiserit,
1408 2551 1409 2624 ἶ

206 2629 332 2706 tulerit,
354 2637 409 2688 aut
425 2629 522 2691 vitam
541 2650 598 2712 pro
622 2629 692 2710 ipso
708 2629 802 2690 amit·
831 2629 971 2693 IDCCC.
995 2631 1077 2704 deu.
1114 2628 1172 2710 qui
1201 2628 1322 2690 faciunt
1408 2633 1409 2667 ἕ

206 2720 270 2790 tut,
292 2721 348 2772 aut
372 2709 497 2774 VIIIM.
519 2713 592 2776 deu.
602 2711 658 2794 qui
679 2711 802 2773 faciunt
832 2715 893 2778 sul.
915 2713 1010 2779 XLV.
1032 2711 1117 2796 culp.
1134 2711 1203 2780 iud,
1408 2715 1409 2732 ¹

207 2795 266 2862 sol.
289 2795 351 2860 CC.
371 2794 457 2876 culp.
478 2793 544 2856 iud.

247 2876 292 2946 Π.
334 2873 803 2958 Siveroquishomiuemmor-
871 2876 913 2937 11.
953 2874 1323 2956 Siquishemiuemsine

205 2966 299 3022 tuum
323 2957 362 3023 de
378 2960 467 3018 furca
487 2957 555 3019 siue
570 2959 801 3019 voluntateaut
830 2979 989 3020 consensu
1011 2958 1127 3020 iudicis
1153 2959 1193 3020 de
1214 2979 1322 3031 ramo,

208 3037 347 3104 consilio
369 3038 496 3116 iudicis,
519 3049 574 3100 eut
595 3039 693 3121 ipsius
708 3039 800 3100 cuius
829 3041 885 3101 uhi
916 3040 1118 3118 increentur,
1162 3040 1323 3122 deponere

208 3144 319 3184 caussa
340 3132 397 3200 est,
418 3122 539 3198 tulerit,
554 3121 801 3204 proculpa‚qua
829 3124 1092 3206 praesumpserit,
1116 3123 1323 3192 [CO-denar.
1396 3127 1399 3135 ‘

207 3217 380 3286 suspensus
404 3211 465 3280 est,
496 3203 655 3286 quidquid
682 3201 799 3263 exinde
829 3206 885 3288 qui
907 3205 1032 3266 fuciunt
1049 3206 1107 3274 sol.
1127 3206 1220 3266 XXX
1239 3203 1323 3290 culp.

208 3287 263 3348 lex
282 3284 441 3361 docuerit,
467 3283 524 3346 ilie
546 3287 603 3370 qui
625 3307 698 3348 eum
714 3285 801 3349 tuis-
828 3289 1001 3354 iudicetur.

205 3367 251 3432 rit
276 3367 362 3450 culp,
384 3368 450 3436 iud,

250 3451 314 3514 ΙΙΙ.
358 3449 391 3510 si
415 3449 487 3532 quis
501 3449 666 3511 homiuem
682 3449 802 3511 debara-
869 3449 934 3516 III.
976 3450 1010 3513 Si
1031 3447 1326 3536 quiscsputhomi-

210 3554 250 3614 go
267 3533 318 3592 vel
333 3532 373 3593 de
389 3533 481 3594 furca
497 3533 652 3594 dimiserit
666 3526 735 3594 siue
747 3554 801 3594 vo·
828 3534 889 3611 uis,
910 3535 998 3616 quod
1023 3535 1171 3596 iuimicus
1192 3555 1269 3596 suus
1291 3531 1324 3594 iu

207 3614 333 3680 luutute
348 3616 481 3693 Iudicis,
491 3615 647 3680 MDCCC.
659 3614 800 3698 deuqui
827 3618 901 3700 palo
919 3615 1049 3695 miserit,
1078 3619 1147 3679 siue
1168 3615 1327 3700 permissu

207 3697 631 3782 t'aciuntsol,xl,v,eu1p,
650 3697 716 3768 iud,
829 3699 961 3776 iudicis,
984 3709 1039 3759 aut
1058 3700 1158 3778 illius,
1181 3698 1239 3780 qui
1253 3718 1326 3758 eum

829 3783 875 3849 ihi
890 3781 1007 3862 posuit,
1019 3782 1135 3846 toliere
1145 3801 1328 3865 praesump
1408 3775 1409 3808 ³

829 3864 917 3942 serit,
935 3865 1003 3924 DC.
1028 3864 1101 3930 deu.
1124 3864 1181 3947 qui
1201 3861 1328 3924 faciunt

830 3947 888 4018 sol,
915 3944 988 4010 XV.
1008 3947 1094 4030 culp.
1119 3947 1186 4011 iud.

246 4025 307 4099 IV,
350 4028 384 4089 Si
405 4028 477 4114 quis
490 4031 559 4092 siue
580 4049 742 4094 consensu
754 4028 803 4092 iu·
871 4025 933 4092 IV.
975 4028 1009 4090 Si
1020 4028 1212 4112 quisvivum
1223 4024 1328 4088 homi-

207 4163 642 4192 uu———ffl-—i--m

243 4242 276 4323 a)
291 4243 357 4303 ceu
378 4237 496 4326 tipitii:
516 4248 653 4312 decorato.
673 4251 744 4311 Item
757 4251 844 4336 inire:
861 4251 1038 4310 decoraverit,
1065 4253 1155 4310 Belus.
1171 4252 1328 4316 excoriate.
