2900 5020
308 333 412 396 escis
432 335 721 394 concussionum
747 337 821 390 rm
839 337 988 392 cxxviii.
1145 319 1222 394 ’389

116 495 181 546 tani
203 479 353 542 iubemus
375 481 522 564 exigere,
558 486 591 538 et
616 475 713 538 coede
734 477 921 554 conlidunt,
946 479 1224 544 erenstein-iussu

117 564 279 627 Comitum
300 563 436 646 pignore
460 582 525 620 nou
555 560 1038 623 dubitent·riolentereulerre.
1088 568 1160 644 Qun
1183 567 1224 628 de

113 670 151 710 re
179 648 341 730 praesenti
365 644 438 726 lege
458 643 678 719 decernimus,
707 651 743 701 ut
770 646 956 724 quicunque
984 645 1118 726 pentheo
1139 661 1225 730 puel·

114 751 168 792 ros
194 738 320 790 nostros
343 726 518 802 occiderit,
554 733 586 786 et
603 723 782 786 insolenter
801 725 987 803 abstulerit,
1009 731 1160 808 quodem
1175 749 1225 790 or·

116 811 284 874 dinatione
307 810 423 870 iudicis
450 809 622 870 docebitur
642 807 740 868 fuisse
767 817 1025 889 praesumptum
1049 811 1225 896 ·'trlpla=ed›

115 895 300 956 tisfactione
313 900 463 954 tenentur
479 890 654 963 obnoxius,
681 889 743 950 hoo
755 898 821 967 est,
844 899 880 950 ut
893 911 953 972 per
967 891 1111 974 singulos
1128 896 1225 970 ictus,

116 999 177 1060 pro
209 976 327 1058 quibus
356 972 475 1056 singuli
498 975 593 1035 solidi
620 971 659 1032 eb
688 970 760 1032 eliis
780 973 985 1051 inferuntur,
1012 984 1121 1040 ternos
1152 977 1230 1040 soli-

119 1059 224 1121 dosis
254 1060 312 1140 qui
334 1057 546 1140 percusserit,
578 1063 710 1136 cogatur
731 1055 907 1116 exsolvere.
1112 1067 1115 1074 ’

202 1141 247 1206 Il.
288 1143 334 1200 Ee
365 1141 475 1210 etiem,
508 1161 591 1220 qnae
618 1137 742 1197 luerint
770 1136 931 1200 violenter
958 1148 1084 1220 erepte,
1133 1142 1229 1224 triple

120 1223 278 1305 norigildi
302 1223 464 1283 solutione
490 1221 684 1282 redduntur:
716 1219 759 1280 ita
787 1229 825 1280 nt
844 1219 996 1279 mulctam
1018 1223 1110 1294 nobis
1138 1247 1229 1309 praee

123 1316 303 1388 sumptores
324 1305 464 1365 debitum
483 1303 619 1368 solvent„
1214 1351 1218 1358 .

203 1390 261 1452 ΙΙΙ.
303 1388 456 1448 Mulieres
482 1381 614 1468 quoque
637 1382 663 1444 si
696 1383 900 1446 wittiscalcos
925 1394 1050 1447 nostros
1079 1391 1114 1458 o)
1148 1408 1228 1453 uun*

119 1469 327 1553 tempserint‚
358 1471 398 1530 ed
423 1469 618 1530 solutionem
639 1467 779 1528 mulctae
800 1467 950 1528 similiter
968 1469 1175 1534 tenebuntur.

203 1553 259 1617 lV.
301 1553 380 1613 Num
413 1561 560 1612 statutam
596 1549 805 1612 districtionis
839 1551 972 1611 formem
1006 1552 1154 1614 volumus
1187 1556 1231 1617 its

124 1633 296 1711 custodiri,
320 1646 356 1695 ut
379 1632 473 1717 pueri
499 1632 600 1694 nostri
630 1632 768 1714 periculi
793 1631 844 1694 sui
874 1651 1031 1694 memores
1059 1639 1229 1716 providere

122 1719 300 1795 curabunt,
332 1728 369 1778 ut
396 1717 462 1777 non
488 1716 624 1797 amplius
651 1714 684 1773 in
711 1715 960 1799 quibuscunque
979 1717 1102 1795 causis,
1133 1717 1231 1801 quum
1263 1777 1264 1782 ,

121 1801 247 1861 fuerint
274 1799 433 1875 ordinati,
479 1806 695 1882 praesument.
752 1799 832 1858 Nem
872 1807 909 1856 ut
941 1797 1082 1866 iniurius
1118 1823 1235 1874 eorum

123 1882 270 1943 iussimus
293 1879 473 1958 vindicari,
514 1880 556 1939 ite
586 1878 620 1938 in
648 1899 681 1938 se
709 1877 973 1960 distringendum¹
992 1903 1059 1942 esse
1085 1903 1148 1944 nou
1172 1885 1230 1957 dns

122 1963 244 2042 hbent,
283 1965 346 2026 nisi
376 1963 465 2025 omni
487 1961 683 2044 diligentie,
719 1983 802 2044 quae
831 1971 907 2023 sunt
938 1972 1126 2046 praecepta,
1161 1986 1230 2030 serr

123 2047 281 2112 severint.

301 2189 391 2259 TIT.
417 2177 617 2259 LXXVII.
666 2186 727 2257 De
752 2188 1058 2280 inscriptionibus.

208 2322 236 2384 Ι.
285 2317 444 2398 Quotiens
465 2339 576 2380 servus
597 2322 734 2378 vocetur
755 2315 969 2394 incrimine,
992 2327 1025 2379 et
1043 2337 1172 2382 necesse
1185 2321 1231 2384 e'sl

125 2410 162 2463 ut
194 2400 315 2462 iudicio
340 2407 381 2486 p)
425 2401 485 2462 sub
515 2399 726 2482 inscriptione
756 2399 916 2477 trudatur,
957 2399 1037 2462 haec
1064 2399 1231 2486 habendae

124 2483 331 2547 discussionis
349 2485 450 2544 forme
471 2482 668 2554 servabitur,
691 2490 727 2541 ut
754 2482 839 2544 servi
861 2481 992 2542 domiuo
1014 2492 1139 2546 tantum
1163 2490 1234 2568 pre}

124 2569 207 2628 tium
227 2578 430 2630 numereturz
453 2576 485 2627 et
509 2565 534 2627 si
549 2587 659 2626 servus
679 2565 840 2625 obiectum
858 2563 918 2624 sibi
938 2565 1071 2642 crimen
1087 2569 1145 2628 sub
1168 2567 1233 2646 tori·

123 2651 239 2711 mentis
258 2651 358 2713 fuerit
374 2650 558 2725 confessus,
581 2647 676 2708 solidi
696 2647 753 2728 qni
775 2643 868 2707 inlati
887 2647 1033 2724 luerent,
1055 2647 1233 2714 accusantis

124 2732 267 2814 pertibus
287 2735 521 2814 reformentur}
551 2745 662 2794 sertus
685 2738 785 2791 morte
815 2730 921 2790 debite
946 2731 1189 2798 condemnetur,

209 2815 251 2879 11.
292 2817 415 2876 Verum
441 2815 467 2874 si
492 2814 526 2873 in
544 2816 766 2894 quaestionem
781 2809 816 2893 q)
844 2813 957 2874 missus
983 2829 1043 2873 nec
1065 2816 1234 2876 convictus

125 2895 226 2956 fuerit
247 2917 307 2956 nec
330 2897 514 2974 confessus,
536 2897 639 2956 datum
665 2897 699 2956 in
721 2897 860 2977 pretium
879 2895 948 2956 eius
963 2895 1134 2978 pecuniam
1145 2896 1234 2960 'serui

127 2977 275 3041 dominus
296 2975 466 3054 retinebit,
497 2987 529 3038 et
546 2998 672 3039 servum
696 2979 833 3060 recipiet
851 2979 1089 3042 innocentem
1208 2987 1222 3058 ’ἶ

209 3059 273 3125 llls
314 3062 483 3122 Praeterea
515 3061 690 3122 multorum
730 3062 888 3122 relatione
925 3061 1160 3142 comperimus,
1197 3060 1232 3134 in

126 3143 249 3226 populo
271 3152 379 3204 nostro
408 3141 511 3202 huius·
527 3143 769 3206 consuetudinis
791 3144 938 3205 ordinem
956 3143 1054 3204 fuisse
1077 3145 1233 3206 hactenus

127 3227 340 3301 custoditum,
381 3231 417 3284 ut
446 3224 645 3303 praemium,
686 3227 774 3308 qnod
799 3243 858 3308 pro
887 3224 1015 3285 indiciis
1056 3229 1233 3288 cuiuscun-

127 3328 192 3390 que
213 3307 293 3369 furti
314 3308 368 3370 rel
397 3307 528 3368 sceleris
552 3316 606 3366 aut
624 3307 821 3388 promittitur
849 3316 903 3368 aut
931 3308 1089 3387 infertur,
1113 3311 1236 3372 utrius-

127 3411 191 3472 que
218 3390 315 3474 partis
341 3389 529 3451 reformaret
561 3388 684 3456 inlatio,
722 3391 870 3472 ¹Ideoque
903 3391 1022 3451 rectius
1042 3391 1147 3453 risum
1172 3403 1235 3473 est,

127 3483 164 3534 ut
190 3471 432 3535 consuetudinis
458 3471 554 3533 huius
574 3473 794 3554 superfluitate
822 3481 960 3550 remota,
990 3473 1016 3534 si
1037 3473 1071 3532 in
1100 3475 1236 3554 eiusmo}

128 3555 286 3618 dioensis
321 3556 482 3640 ingenuus
517 3555 739 3633 convincitur,
774 3555 944 3616 solutionis
973 3563 1006 3616 et
1038 3557 1235 3618 indiciorum

128 3637 285 3722 integram
317 3639 471 3701 sustineat
498 3653 539 3701 ex
572 3637 644 3719 lege
671 3638 861 3700 sententiam
890 3645 941 3713 r),
975 3639 1124 3700 selvoeo
1147 3643 1238 3721 qnod

128 3720 168 3780 de
202 3723 452 3784 resecandorum
479 3735 647 3783 servorum
672 3719 860 3784 criminibus
893 3721 1156 3804 praecedentium
1188 3725 1239 3786 les

128 3818 204 3883 gum
238 3813 355 3868 statuto
373 3805 546 3868 iusserunt.

193 3943 283 4012 Trr.
318 3940 539 4020 LXXVIII.
588 3935 648 4013 De
672 3941 914 4011 hereditatum
943 3949 1204 4042 successione„

209 4061 257 4123 De
275 4061 493 4124 hereditatum
520 4064 722 4124 successione
742 4062 904 4125 adtentius
921 4069 1155 4147 ‚pertractantes
1177 4038 1241 4134 sida

147 4316 149 4322 Ι
196 4255 229 4322 o)
247 4255 291 4313 Al.
306 4247 366 4309 mss.
387 4253 587 4311 Weissenborn
602 4269 731 4334 nostrum·
783 4259 814 4328 p)
833 4257 877 4312 Al.
896 4251 991 4314 indicia
1053 4263 1081 4331 q)
1100 4261 1242 4353 siliquae:

127 4324 259 4380 titionem.
295 4328 340 4381 Al.
360 4346 419 4380 mss.
439 4331 653 4401 inquisitionem
709 4330 736 4399 r)
752 4329 799 4382 At.
817 4333 926 4402 integra
947 4339 978 4374 ,ὲ-
997 4320 1231 4402 dispensans-itt?
