2900 5020
10 2673 23 2690 ,ι
129 2599 300 2684 pertinent.
336 2682 340 2690 ι

421 343 878 408 nso1ssnxonunrtr.1r.
1144 309 1222 410 '387

161 547 164 562 .
269 494 361 566 Tur.
389 493 474 568 VII.
505 493 584 572 ,De
611 491 831 564 haeredibus
857 504 896 564 et
923 493 1054 570 viduis.

197 626 223 688 l.
263 625 434 686 Poterant
454 628 557 686 meter
581 621 749 701 defuncti,
771 621 860 703 tilio,
888 643 955 686 non
980 623 1083 706 filine,
1103 623 1220 692 haere·

111 708 248 772 (litatem
266 707 434 787 relinquit.
750 745 752 758 ‹

197 789 240 857 ΙΙ.
284 790 350 867 Qui
370 795 516 849 mortuus
534 782 674 862 viduam,
682 783 867 868 reliquerit,
890 786 1024 850 tutelam
1040 788 1109 852 eius
1122 788 1221 868 lilius,

114 895 216 958 quom
243 894 284 936 ex
311 870 374 931 alin
396 889 499 932 uxore
524 865 658 945 habuit,
679 867 826 950 accipiet.
866 869 901 932 Si
924 869 1047 934 intorte
1068 872 1222 950 defuerit,

116 959 217 1018 irater
236 953 328 1016 illius
350 949 499 1016 defuncti
520 951 575 1024 lot
595 948 623 1012 si
642 951 742 1012 frater
764 951 831 1017 uon
857 952 973 1030 fuerit,
992 954 1157 1038 proximus
1168 975 1224 1038 po·

118 1036 203 1102 terni
225 1038 248 1114 si
268 1034 398 1122 generis
420 1033 489 1097 eius
508 1033 543 1109 Is)
564 1031 834 1115 consanguineus.

89 1179 92 1184 .
203 1121 263 1185 ΙΙΙ.
305 1116 371 1196 Qui
402 1115 532 1182 viduum
559 1114 678 1176 ducere
707 1114 807 1192 velit,
834 1113 947 1178 offeret
965 1114 1065 1178 tutori
1086 1117 1228 1214 pretium

119 1201 271 1267 emtionis
295 1199 384 1277 eius,
412 1195 689 1261 consentientibus
716 1195 839 1260 adhoc
860 1197 1051 1282 propinquis
1073 1221 1154 1269 esus.

202 1283 260 1350 IV.
303 1281 338 1344 Si
358 1289 450 1343 tutor
471 1279 641 1356 abnuerit,
662 1287 828 1342 convertet
850 1301 884 1342 se
906 1281 946 1342 ed
967 1280 1129 1364 proximos
1146 1282 1228 1365 eius,

121 1375 154 1430 et
185 1387 297 1429 eorum
317 1385 481 1426 consensu
513 1361 650 1444 accipiat
678 1361 785 1439 illam,
821 1371 961 1446 paratum
988 1361 1109 1432 habens
1133 1387 1230 1450 pecu·

122 1449 230 1524 niam,
252 1455 289 1509 ut
306 1445 407 1508 tutori
430 1446 521 1522 eius,
543 1443 569 1506 si
590 1445 674 1518 forte
684 1442 810 1530 aliquid
820 1443 930 1508 dicere
951 1445 1049 1525 velit,
1070 1446 1147 1510 dure
1158 1470 1231 1534 pos·

120 1532 183 1612 sit,
205 1529 268 1592 hoo
290 1537 355 1606 est,
383 1526 503 1591 solidos
527 1527 620 1588 CCC.
923 1550 926 1554 ·

204 1613 245 1676 V.
287 1609 354 1691 Qui
381 1609 644 1690 defunctusnon
660 1605 762 1685 lilios,
787 1606 847 1671 sed
867 1606 949 1672 filias
972 1608 1161 1692 reliquerit,
1190 1611 1231 1676 ad

122 1717 176 1760 eos
202 1692 307 1757 omnis
326 1690 508 1753 haereditas
534 1691 713 1774 portinent,
744 1690 852 1752 tutela.
871 1711 950 1755 vero
969 1713 1099 1771 eurum,
1121 1695 1231 1776 Irnh'i,

124 1779 178 1844 vel
198 1775 346 1860 proximo
371 1771 498 1869 paterni
519 1772 645 1856 generis
666 1772 848 1856 deputetur.

206 1858 264 1922 VI.
306 1855 340 1917 Si
354 1856 454 1917 vidua
478 1855 578 1917 lilium
595 1853 739 1934 hahens,
762 1853 927 1939 nupserit,
949 1852 1117 1937 liliumque
1132 1874 1233 1940 genn·

123 1938 207 2020 erit,
243 1937 346 2002 tutele
368 1937 454 2001 tilise
483 1938 524 2000 ad
552 1936 677 2016 filium,
704 1947 907 2021 quemtuno
936 1948 1107 2022 genuerat,
1128 1941 1234 2023 perti·

126 2032 211 2086 uest
662 2076 665 2084 ,

208 2104 281 2170 VII.
322 2101 357 2165 Si
382 2110 488 2164 eutem
506 2096 610 2161 lilium
628 2099 749 2164 hahens
763 2100 926 2184 nupserit,
947 2099 1110 2184 liliumque
1129 2121 1235 2184 genu·

127 2186 209 2266 erit,
231 2185 330 2248 tutelo
352 2184 438 2246 filiae
456 2205 522 2246 non
541 2182 582 2244 ad
611 2183 714 2246 filium
738 2182 829 2268 prius
847 2184 1011 2266 genitum,
1028 2185 1085 2246 sed
1104 2186 1142 2246 nd
1166 2185 1234 2246 fra-

130 2279 213 2332 trem
237 2269 355 2350 patris,
386 2265 439 2328 vel
465 2266 506 2328 ad
526 2266 708 2348 proximum
725 2267 796 2328 eius
817 2266 985 2350 pertinent.

211 2351 303 2416 VIII.
344 2349 409 2428 Qui
425 2348 524 2408 tiliam
551 2369 588 2409 so
622 2348 726 2410 filium
744 2349 771 2425 I)
790 2346 958 2424 habuerit,
979 2355 1012 2410 et
1029 2345 1115 2410 filius
1133 2369 1234 2412 uxore

130 2433 247 2512 ducta,
276 2437 370 2512 etm)
398 2423 501 2493 lilium
523 2433 690 2514 genuerit,
721 2441 754 2494 et
774 2439 918 2494 mortuus
940 2429 1056 2508 fuerit,
1087 2430 1235 2492 haeredi·

128 2525 176 2578 tas
198 2513 360 2599 patriensi
393 2512 497 2576 lilium
527 2511 606 2594 lilii,
628 2515 663 2578 id
678 2524 747 2588 est,
777 2523 945 2599 nepotem,
974 2533 1040 2574 non
1070 2513 1109 2576 nd
1136 2514 1237 2580 tilium

457 2713 551 2792 Tin.
573 2712 678 2787 VIII.
726 2711 787 2785 De
810 2715 909 2788 dote.

212 2838 241 2906 I.
280 2839 373 2904 Dotis
394 2839 477 2906 ratio
499 2841 620 2924 duplex
638 2848 705 2920 est,
726 2841 863 2918 Ostialai
885 2848 917 2903 et
935 2839 1086 2924 hugi-arii
1103 2840 1234 2904 volunt:
1356 2882 1359 2887 -

127 2923 158 2986 si
179 2920 320 2985 foemina
346 2923 429 2984 filios
459 2923 626 3006 gennerit,
654 2923 770 2986 habeat
791 2924 916 3001 dotem,
945 2945 1041 3008 quam
1063 2923 1098 2985 in
1114 2925 1236 3010 nuptiis

129 3026 205 3067 eece
230 3005 272 3082 it,
302 3004 457 3085 quudeu
477 3004 582 3083 vivut,
610 3005 749 3090 filiisque
775 3005 923 3072 dimittat·

208 3027 258 3149 il.
299 3087 339 3150 Si
364 3109 442 3149 vero
471 3087 530 3147 filii
557 3097 657 3150 matre
677 3087 847 3171 superstite
869 3087 1076 3167 moriuntur,
1102 3084 1235 3170 ipsoque

129 3176 205 3256 post
235 3167 371 3246 obierit,
403 3169 510 3230 dotem
530 3170 669 3250 proximi
690 3171 759 3233 eius
781 3170 816 3231 in
836 3168 1044 3233 hereditatem
1066 3170 1235 3252 accipient.

212 3251 277 3314 Ill.
317 3251 475 3313 Sinutem
500 3251 584 3313 lilios
604 3273 669 3312 nou
693 3252 860 3331 hebuerit,
879 3252 937 3314 dos
969 3252 1178 3330 addentem,
1207 3252 1234 3312 si

130 3334 232 3430 vivit,
262 3342 455 3406 revertetur5
491 3333 518 3397 si
547 3333 719 3397 defunctus
744 3345 808 3414 est,
837 3334 878 3395 nd
897 3337 1059 3419 proximos
1079 3334 1235 3399 haeredes

128 3437 211 3485 enus.
963 3461 967 3470 .

201 3485 268 3562 Ἰν.
309 3496 406 3581 Apud
436 3498 646 3578 westfalaos,
681 3507 850 3582 postquem
873 3498 993 3562 mulier
1014 3498 1097 3560 Iilios
1117 3519 1237 3582 genue-
1286 3561 1288 3572 ,

130 3579 191 3658 rit,
213 3581 331 3660 (dotem
351 3579 491 3660 omittat,
512 3581 539 3643 si
561 3591 667 3644 eutem
688 3602 753 3642 uon
768 3583 917 3663 genuerit
932 3589 989 3659 n),
1011 3582 1052 3642 nd
1072 3583 1140 3644 dies
1161 3591 1235 3644 snos

131 3662 240 3724 dotem
260 3662 437 3748 possident3
465 3673 535 3746 post
556 3665 721 3726 deoessum
741 3663 831 3742 eius,
864 3665 920 3724 dos
943 3663 985 3724 nd
1005 3663 1150 3744 dantem,
1180 3660 1234 3726 vel

24 3765 25 3768 ’
129 3745 159 3808 si
179 3745 289 3827 deest,
310 3744 351 3809 ed
370 3746 532 3829 proximos
552 3744 707 3809 haeredes
727 3746 797 3807 eius
814 3755 1006 3809 revertatur.

426 3861 631 3940 T1T.,IX.·
661 3863 720 3934 De
751 3864 943 3958 acquisitis.

212 3988 240 4052 I.
280 3991 329 4052 De
360 3975 418 4068 eo,
445 3969 538 4084 ²quoti
567 3989 619 4051 vir
647 3999 680 4052 et
711 3989 831 4053 mulier
856 3989 951 4052 simul
982 3986 1221 4071 conquisierint
1341 4001 1345 4006 ·

201 4159 235 4229 Is)
255 4159 336 4218 Liud.
356 4164 406 4230 qui
424 4162 519 4233 frater
544 4175 584 4215 est
608 4155 738 4228 defuncti
809 4163 832 4231 i)
856 4161 966 4215 Herold.
994 4161 1023 4210 in
1051 4175 1131 4225 marg.
1156 4157 1235 4232 patri

28 4199 30 4236 t
132 4229 161 4296 lt)
179 4230 276 4300 Speng.
295 4239 324 4283 et
343 4231 420 4283 Lintl.
439 4234 481 4286 vel
498 4233 565 4286 eius.
635 4233 663 4299 l)
686 4231 765 4290 Lind.
783 4234 834 4305 qui
855 4231 946 4302 filium
965 4243 1013 4282 ant
1028 4229 1129 4300 filiam.
1198 4231 1259 4297 ne),

133 4301 216 4354 Deest
241 4302 271 4353 iu
289 4300 366 4354 hind.
437 4301 469 4371 n)
486 4303 591 4355 Desunt
608 4302 637 4354 iu
656 4300 734 4356 Lind.
