2826 4998
223 265 274 342 68
555 315 557 320 -
581 278 684 336 sanas
710 275 860 336 snucse
878 276 950 333 nr.
971 280 1020 334 u'

113 437 118 444 ’
223 427 304 490 bont
325 422 381 508 qni
400 419 543 482 fistucam
559 415 594 478 in
618 417 734 480 laisum
752 417 814 477 iac·
840 416 1094 501 quodvidissent
1110 419 1267 486 hominem
1281 423 1317 486 it·

225 511 334 586 ctitr),
353 523 495 566 necnon
517 510 549 561 et
567 501 701 561 illumin
721 500 813 560 cuius
840 501 927 578 lum,
963 501 1019 584 qui
1050 505 1211 564 fortunam
1238 528 1314 568 suam

225 591 340 654 laisum
370 588 512 648 fistucum
533 584 682 657 iactavit,
712 591 745 642 et
770 581 813 639 il·
842 584 931 645 dedit
945 584 978 643 in
996 585 1110 646 laisum
1124 586 1315 669 illius‚quem

224 675 293 736 lum
303 691 398 754 quem
413 667 561 728 heredem
572 663 754 748 appellavit.
768 662 815 722 Si·
842 665 904 725 iam
932 668 1070 749 elegerat
1089 671 1243 730 festucam
1259 671 1315 733 iac·

180 761 187 774 '
224 750 521 818 militernominent
533 747 588 807 alii
601 755 696 807 testes
707 744 813 820 iurati,
841 758 908 809 tare
932 756 963 810 et
980 751 1146 811 nominare
1167 751 1257 811 illum
1270 755 1316 815 de-

226 847 259 918 ct
269 838 376 897 dicant
385 879 393 911 ‚
412 830 540 914 quodin
552 827 736 904 esseillius,
756 825 812 910 qui
841 831 937 909 henr,
951 832 1009 912 qni
1024 833 1189 892 fortunam
1200 837 1315 896 suumin

223 921 385 980 fortunam
394 935 482 975 suam
493 911 641 987 donavit,
661 909 709 969 illi
722 909 813 969 incu-
841 914 955 974 laisum
974 915 1070 975 electi
1092 915 1233 986 iactavit3
1264 939 1316 978 uec

226 991 685 1067 iuslaisamfistucamiacuvit,
695 990 813 1051 ibidem
842 1017 906 1056 non
927 1005 958 1056 et
983 996 1075 1056 illum
1099 996 1133 1055 in
1157 998 1245 1058 cuius
1264 998 1317 1058 lai-

225 1081 415 1154 mansisset‚
446 1085 477 1136 et
500 1074 641 1156 hospites
668 1081 732 1133 tres
759 1071 811 1133 vel
840 1100 910 1139 sum
938 1079 1091 1140 festucam
1112 1078 1261 1157 iactavit,
1291 1089 1318 1142 et

225 1164 360 1246 amplius
381 1157 578 1239 collegisset,
601 1164 633 1216 et
654 1155 811 1236 pavisset,
840 1160 1012 1222 haeredem
1030 1160 1220 1244 appellavit,
1241 1162 1317 1222 simi-

226 1255 258 1308 et
280 1245 310 1306 ei
330 1245 448 1305 ibidem
470 1239 585 1322 gratias
604 1237 760 1318 egissent,
781 1244 813 1296 el
840 1242 916 1304 liter
941 1243 1119 1308 nominent.
1169 1245 1210 1304 Et
1236 1243 1317 1307 elteri

225 1329 258 1389 in
283 1325 389 1387 heudo
415 1344 472 1384 suo
497 1320 603 1403 pultes
629 1317 815 1378 manducas·
839 1335 904 1386 tres
921 1334 1015 1388 testes
1036 1324 1133 1386 iurati
1150 1325 1264 1387 dehent
1280 1327 1318 1387 di-

225 1419 298 1473 sent
323 1417 355 1469 et
376 1413 470 1467 testes
494 1399 709 1482 collegissent.
751 1401 813 1462 lsla
841 1425 937 1482 cere,
966 1408 1054 1490 quod
1080 1409 1114 1466 in
1144 1429 1214 1468 casa
1240 1407 1317 1470 illius

227 1488 333 1554 omnia
362 1487 416 1547 alii
440 1493 505 1546 ires
528 1492 623 1544 lesles
648 1480 743 1541 iurati
768 1481 814 1542 dt·
839 1487 1054 1571 hominis,qu
1070 1491 1317 1551 fortunamsuam

226 1594 300 1636 cere
323 1571 459 1645 dehent,
482 1564 633 1648 quoniam
650 1563 685 1624 in
714 1563 812 1624 Mallo
841 1571 990 1647 donavit,
1023 1570 1080 1632 ille
1100 1573 1135 1631 in
1156 1571 1245 1634 cuius
1269 1572 1316 1632 lai-

225 1653 369 1737 legitimo
379 1650 431 1713 vel
447 1658 519 1710 ante
531 1647 667 1728 Regem,
691 1644 740 1705 illi
755 1644 812 1725 qui
841 1673 912 1714 sum
937 1654 1091 1714 festucam
1115 1653 1244 1715 iactavit
1266 1653 1315 1713 ihi·

226 1735 350 1818 accepit
367 1733 400 1792 in
418 1731 528 1791 laisam
548 1727 690 1789 fistucam
707 1727 812 1788 fortu-
840 1735 912 1796 dem
931 1735 1115 1813 mansisset,
1142 1746 1175 1797 et
1190 1735 1316 1818 hospites

225 1841 300 1880 nam
323 1837 411 1878 snam
431 1808 578 1881 donavit,
601 1818 633 1871 et
652 1809 708 1870 ille
725 1829 813 1869 ³00³·
838 1826 902 1876 tres
917 1816 970 1878 vel
986 1818 1123 1900 amplius
1141 1818 1316 1898 collegisset,

224 1899 350 1984 peritin
368 1895 466 1958 Mallo
482 1893 545 1954 hoc
562 1901 695 1954 estante
710 1890 813 1950 Thea·
839 1907 871 1960 et
900 1899 1060 1980 pavisset,
1090 1912 1124 1962 et
1152 1900 1181 1962 ei
1210 1899 1317 1960 ibidem

227 1984 285 2060 ds,
308 1979 358 2042 vel
376 1977 564 2058 Tunginum
587 1975 749 2058 fortunam
774 1971 812 2031 il·
860 1981 954 2041 ratius
968 1983 1127 2064 egissent,
1151 1992 1182 2044 et
1201 1982 1233 2042 in
1249 1981 1316 2042 beu·

225 2065 308 2141 lam,
330 2081 393 2143 qua
409 2056 562 2118 heredem
580 2077 654 2116 enm
672 2053 812 2148 appella·
840 2003 880 2123 ἕο
899 2084 955 2123 sno
975 2072 1007 2136 t)
1025 2065 1131 2145 pultes
1146 2063 1316 2124 manducas.

225 2147 274 2206 vit
293 2153 347 2220 s),
374 2140 502 2223 publice
529 2159 635 2199 coram
664 2136 810 2196 omnibns
838 2151 925 2220 sent,
948 2153 980 2205 et
999 2155 1094 2206 testes
1114 2145 1316 2228 collegissent.

223 2224 408 2287 hominibus
421 2222 604 2284 fistucamin
620 2217 728 2279 laisum
743 2219 810 2300 ipse
839 2225 903 2288 Ista
928 2227 1034 2286 omnia
1059 2228 1115 2286 alii
1145 2237 1208 2289 tres
1233 2234 1315 2288 testes

224 2309 389 2370 iactassett
411 2303 543 2366 ethaeo
569 2301 675 2362 omnia
696 2320 811 2362 novem
839 2308 935 2369 iurati
958 2308 1065 2370 dicere
1085 2309 1220 2386 debent,
1247 2327 1314 2388 quo-

224 2399 320 2454 lestes
338 2387 457 2450 debent
475 2383 641 2448 affirmare.
839 2412 925 2452 nram
942 2391 974 2449 in
991 2391 1089 2450 Mallo
1110 2392 1251 2474 legitimo
1270 2387 1314 2449 vel

828 2482 912 2534 ,nuto
931 2474 1050 2553 Regem
1067 2472 1145 2552 ille,
1167 2472 1222 2556 qui
1239 2489 1315 2532 acce·

837 2554 945 2639 pitin
971 2554 1086 2615 laisum
1110 2577 1204 2616 suum
1229 2556 1315 2614 fortu-

840 2655 913 2698 nam
930 2635 962 2694 in
982 2636 1082 2698 Mallo
1097 2637 1244 2720 publico,
1263 2634 1317 2694 hoo

839 2728 888 2780 est
900 2726 972 2778 ante
988 2717 1117 2780 Theada
1128 2743 1149 2778 ιι
1147 2730 1169 2793 J
1181 2719 1231 2781 rel
1241 2717 1318 2776 Tun·

839 2800 1316 2882 ginnmfortunamillum‚quem

838 2881 1011 2943 haeredem
1033 2883 1233 2965 appellavit,
1262 2898 1316 2960 pu*

837 2963 1044 3026 hlicecorom
1063 2965 1210 3025 omnihus
1225 2964 1315 3022 festu·

839 3041 957 3109 camin
981 3043 1092 3106 laisum
1110 3047 1208 3128 ipsius
1220 3045 1317 3106 iactas·

839 3137 897 3191 set.
937 3125 1315 3189 Ethaecomnianovem

839 3217 935 3272 testes
953 3207 1071 3270 debent
1090 3207 1264 3272 adfirmare.
1315 3280 1317 3286 Ι

734 3449 737 3453 ,
840 3359 932 3435 Tru.
943 3358 1081 3432 XLIV.
1131 3357 1315 3431 Defiltor-

227 3530 317 3604 TIT.
340 3525 386 3604 L.
412 3521 471 3596 De
487 3519 650 3592 Filtortis
670 3517 733 3614 qni
746 3517 813 3588 Sa·
837 3457 948 3627 {1¹2ss
953 3511 964 3547 ²
967 3460 1167 3628 sffiasssssg
1168 3457 1315 3628 galilei?

347 3627 418 3697 lica
433 3623 532 3714 Lege
547 3621 683 3696 Vivum·
961 3647 1062 3723 ¹tiare
1080 3655 1197 3726 debet.

265 3791 291 3858 I.
334 3788 368 3852 Si
394 3787 466 3871 quis
488 3805 616 3848 servum
640 3787 695 3842 ant
715 3776 813 3841 ancil·
880 3779 908 3848 Ι.
949 3781 983 3845 si
1000 3781 1088 3865 quis,
1111 3782 1167 3864 qui
1183 3773 1314 3863 legeSa·

225 3875 290 3939 lam
303 3918 314 3953 ,
342 3871 500 3933 caballum
522 3877 576 3928 aut
599 3866 736 3942 bovem,
758 3871 813 3924 aut
839 3863 903 3927 lica
927 3865 1025 3944 vivit,
1045 3886 1173 3927 servum
1192 3872 1244 3925 aut
1268 3877 1316 3918 sn*

259 4032 291 4098 r)
310 4031 344 4080 In
361 4041 440 4092 marg.
459 4025 599 4078 nominare
617 4020 724 4082 delent,
735 4021 794 4093 :qui
807 4017 936 4091 fistucum
951 4022 983 4071 in
994 4022 1092 4074 laisum
1105 4021 1185 4075 electi
1201 4011 1313 4072 iactavit.

223 4104 251 4164 s)
268 4103 303 4153 In
316 4115 398 4163 marg.
425 4095 563 4167 appellare
586 4093 701 4166 placuit.
751 4097 775 4157 t)
797 4091 843 4144 nl.
869 4088 938 4142 Pith.
962 4102 989 4144 ct
1012 4092 1041 4142 in
1065 4090 1150 4144 beodo
1176 4107 1231 4144 suo.
1263 4083 1323 4138 Εεῑι,

223 4182 251 4224 et
266 4167 398 4224 intendo
414 4185 463 4218 suo
480 4165 599 4234 pultem,
626 4160 658 4214 id
673 4173 712 4213 est
727 4161 758 4212 in
776 4161 953 4221 mensaisua.
991 4159 1089 4212 'Belou
1117 4160 1190 4214 etin
1216 4157 1261 4210 teo
1284 4147 1312 4204 dt

224 4255 284 4301 sno.
352 4239 386 4308 ¹4)
403 4235 443 4294 tl.
465 4231 585 4299 ruodo,
607 4227 726 4288 theuda.
799 4227 828 4299 ν)
845 4227 932 4286 Gloss.
951 4230 993 4286 De
1010 4231 1157 4286 intentatis
1175 4228 1260 4288 rabat.
