2906 5008
218 261 291 338 ΒΜ
409 283 529 342 trois
546 257 816 342 sarovaaioatm
832 287 904 344 nr.
924 291 961 350 u,
980 291 1054 345 csa
1074 295 1107 347 x.

215 427 417 512 pistrntn''t);
438 423 586 503 frenum,
606 424 739 487 feltrnm
754 437 797 506 t),
818 425 871 491 rel
889 449 1101 512 quaecunque
1118 428 1329 512 involaret-it,

218 519 255 571 ot
273 509 423 591 probatus
443 507 557 584 inerit,
586 507 611 568 si
630 526 739 570 servus
756 520 821 585 est,
843 511 954 592 perdat
974 534 1086 574 manns
1108 535 1179 576 snas
1195 523 1244 588 n);
1268 514 1331 576 do·

218 591 326 652 minos
349 611 426 654 vern
442 591 511 652 eins
528 590 629 674 ipsam
644 606 729 669 rem,
751 591 777 652 si
799 589 912 674 habet,
934 603 989 656 aut
1005 595 1141 656 similem
1163 597 1290 658 reddat.

222 697 242 713 α·
300 672 349 734 ¹ll.
389 674 424 733 Si
446 683 551 733 antem
570 669 766 734 liberhomo
790 671 1000 753 hocfecerit,
1023 699 1096 738 curn
1111 679 1328 762 quadraginta
1439 733 1440 736 ,

219 751 332 819 soiidis
348 756 485 816 redimat
497 775 610 816 manns
626 775 716 834 snas,
737 765 768 816 et
787 757 874 838 qnod
894 758 970 821 tulit
986 759 1110 822 reddat.

220 840 396 957 iiiiii'VII.
437 869 475 932 Si
499 870 570 955 qais
594 869 630 931 in
662 871 798 954 utilitate
822 873 920 934 Ducis
940 873 995 934 nel
1016 872 1140 938 domiai
1162 876 1213 935 sui
1236 895 1330 938 mor-

274 961 278 969 '
306 957 310 964 ‘
669 964 739 1014 tuns
753 950 868 1034 fuerit.

303 1067 330 1132 Ῑ.
369 1065 404 1126 Si
420 1065 492 1148 qnia
508 1064 606 1134 homo
627 1064 662 1126 in
684 1066 857 1128 utilitatem
881 1065 1004 1130 domini
1026 1066 1075 1130 sni
1099 1065 1133 1128 in
1158 1071 1328 1152 exercitu,

220 1145 276 1214 rel
291 1149 479 1230 ubicunque
497 1148 647 1210 dominus
664 1148 733 1209 eius
753 1169 827 1210 enm
847 1151 987 1230 miserit,
1010 1152 1207 1234 perrexerit,
1229 1163 1262 1214 et
1279 1153 1328 1214 ihi

222 1241 367 1296 montona
382 1231 500 1308 fuerit,
521 1239 554 1291 et
573 1231 701 1313 quaerit
718 1230 904 1313 opinionem
917 1233 1022 1294 facere
1041 1233 1172 1294 domino
1190 1256 1249 1295 sno
1271 1237 1329 1298 vet

221 1315 343 1399 popolo
359 1335 435 1390 sno,
455 1312 591 1374 heredes
607 1313 676 1376 eins
694 1333 861 1394 nunqnam
874 1314 938 1376 sint
954 1314 1069 1376 deiecti
1090 1315 1129 1376 de
1144 1315 1329 1380 hereditate

224 1396 479 1538 eins‚dquamvis
497 1395 738 1535 quaipponnqoe
759 1397 838 1474 sint5
860 1397 917 1459 sed
933 1398 1008 1462 Dux
1027 1419 1081 1459 eos
1104 1398 1257 1460 defendat
1276 1421 1329 1462 ns·

221 1500 286 1620 iim
307 1499 385 1625 Hom
394 1498 598 1620 'iiasaicpgiiim
610 1523 841 1642 'unusquisqne
854 1581 919 1620 non
937 1560 1039 1622 tardat
1055 1560 1254 1623 voluntatem
1272 1549 1332 1624 aio-

223 1643 305 1704 mini
318 1642 376 1704 sni
397 1645 502 1704 facere
523 1641 654 1722 qnando
666 1650 772 1723 sperat
785 1664 819 1704 se
838 1643 956 1704 exinde
973 1664 1091 1705 manns
1112 1645 1277 1726 accipere,
1299 1643 1329 1705 si

225 1727 307 1804 inde¹
325 1727 434 1792 nivens
452 1723 595 1789 evaserit.
636 1723 718 1784 Etsi
732 1733 864 1806 propter
880 1723 943 1786 hoe
960 1735 1102 1788 mortuns
1118 1726 1235 1802 fuerit,
1256 1747 1329 1787 ere·

223 1799 276 1868 ii'at
290 1809 379 1889 qnod
397 1806 454 1866 fitii
470 1806 538 1867 eins
549 1815 605 1865 ant
624 1804 708 1866 filiae
726 1807 910 1888 possideant
924 1807 1138 1870 hereditatem
1153 1809 1221 1870 eins
1233 1807 1331 1868 nullo

223 1889 443 1972 inquietante,
465 1898 543 1948 tnnc
560 1884 642 1951 fidus
662 1898 694 1949 et
711 1899 878 1972 promptus
894 1890 1007 1974 implet
1020 1897 1057 1966 v)
1074 1889 1258 1954 iussionem.

246 1997 312 2091 'Car
333 2005 424 2073 VIII.
464 2003 502 2066 Si
524 2007 593 2086 quis
615 2005 707 2102 Regis
729 2006 779 2170 vest
802 2006 901 2103 Dacis
920 2008 971 2070 sni
992 2008 1130 2070 iussione
1150 2006 1307 2069 hominem

298 2105 301 2112 '
674 2101 757 2150 mter
773 2101 878 2150 eeerrt.

310 2206 335 2267 Ι.
376 2204 410 2266 si
428 2203 502 2288 quis
519 2201 682 2265 hominem
695 2225 754 2286 per
773 2203 946 2266 iussionem
961 2203 1057 2286 Regis
1071 2205 1123 2266 rei
1141 2205 1242 2267 Ducis
1258 2207 1329 2282 sui,

226 2289 390 2369 qnisttam
407 2287 606 2370 provinciam
624 2296 672 2364 w)
692 2287 726 2349 in
744 2294 898 2369 potestate
918 2287 1033 2364 habet,
1056 2288 1227 2364 occiderit,
1259 2309 1326 2348 non

226 2373 411 2454 requiratur
427 2369 476 2450 ei,
499 2391 559 2431 nec
577 2369 718 2431 faidosus
738 2368 795 2443 sit,
816 2369 892 2450 qnia
916 2368 1014 2430 iussio
1033 2369 1155 2432 domini
1171 2371 1222 2434 sui
1243 2370 1329 2445 fuit,

179 2469 181 2474 ’
228 2451 342 2524 etimne
361 2451 465 2534 potuit
482 2451 703 2514 contradicere
721 2450 912 2524 iussionem
933 2450 1073 2513 sedDux
1086 2449 1239 2516 defendat
1254 2473 1330 2514 eum

228 2546 262 2597 et
282 2535 365 2597 filios
387 2535 457 2595 eius
478 2556 537 2618 pro
561 2556 611 2596 eo.

303 2618 355 2692 ,It
378 2667 380 2672 .
394 2619 436 2680 Et
450 2615 478 2678 si
493 2619 570 2678 Dua
587 2616 802 2680 iliemortnas
814 2615 930 2696 faerit,
952 2615 1034 2679 aiios
1047 2617 1122 2678 Dux
1135 2613 1240 2698 quiin
1256 2615 1332 2676 leco

227 2699 462 2808 pinsasuceedit
478 2707 535 2776 x),
557 2698 710 2761 defendat
728 2720 812 2760 eum.

225 2789 306 2902 ἦρξ’.
324 2789 380 2881 ΪΧ.
420 2814 470 2875 De
493 2813 582 2875 Duce
608 2814 637 2874 si
654 2826 821 2898 protervus
842 2828 873 2877 et
894 2814 1012 2892 elatus,
1035 2813 1084 2873 rel
1105 2811 1257 2896 superbus
1281 2823 1331 2872 at·

235 2960 288 2984 ,w
327 2918 386 2981 quc
401 2895 526 2958 rebellis
536 2894 653 2978 suerit,
675 2909 706 2958 et
726 2894 885 2958 decretum
908 2899 1003 2978 Regis
1018 2894 1249 2979 contempserit.

228 3033 268 3069 m·
283 3039 296 3056 ··
311 3013 348 3074 Si
371 3009 446 3093 qais
471 3020 578 3072 antem
596 3011 671 3080 Dux
695 3009 735 3072 de
755 3011 923 3092 provincia
943 3011 1017 3088 illa,
1038 3030 1136 3093 quem
1151 3009 1220 3072 Rex
1242 3007 1330 3068 ordi·

228 3095 372 3172 sanarit,
404 3103 468 3153 tam
488 3094 592 3154 audax
617 3103 673 3153 ant
690 3103 878 3172 contumax,
907 3104 963 3156 ant
983 3093 1110 3155 levitate
1133 3090 1332 3166 stimulatas,
1438 3105 1439 3114 ¹

231 3199 289 3240 sen
311 3185 481 3258 protervus
499 3185 531 3238 et
551 3176 672 3254 elatus,
703 3176 929 3260 velsnperbns
947 3185 1042 3258 etque
1062 3173 1193 3236 rebeliis
1212 3173 1336 3247 faerit,
1438 3185 1439 3204 ¹

229 3253 301 3338 arnis
318 3255 483 3318 dt‘eretum
505 3257 590 3340 regis
622 3257 868 3340 contempserit,
900 3259 1019 3321 donato
1046 3255 1209 3342 dignitatis
1232 3254 1332 3336 ipsius

231 3339 348 3402 Ducati
370 3347 490 3417 careat,
518 3341 613 3400 etiam
634 3351 667 3402 et
684 3340 816 3424 insuper
837 3362 926 3423 spem
944 3347 983 3418 y)
1005 3360 1161 3422 supernae
1188 3345 1333 3398 contem-

232 3408 384 3509 piitionis
400 3421 477 3484 sciat
488 3443 521 3484 se
538 3444 605 3484 esse
619 3423 879 3502 condemnatum,
901 3432 934 3484 et
953 3421 1018 3484 vim
1036 3422 1146 3483 salutis
1158 3419 1283 3508 amittat
1294 3427 1335 3491 t).

321 3519 335 3558 Γ
367 3538 441 3599 Cae.
461 3513 522 3604 X(
546 3536 594 3597 De
605 3535 694 3620 filiis
710 3537 834 3600 Ducem
853 3540 882 3597 si
898 3537 1043 3621 protervi
1059 3534 1196 3617 fuerint.

232 3691 236 3699 ·
317 3655 346 3718 1.·
386 3652 421 3714 Si
447 3651 520 3734 qais
545 3650 631 3712 iiiios
646 3651 745 3712 Dacis
764 3662 828 3712 tam
844 3650 999 3732 superbus
1016 3648 1196 3711 velstnltns
1213 3644 1333 3722 fuerit,
1437 3693 1438 3700 ,

236 3744 274 3797 nt
294 3745 417 3816 patrem
437 3755 531 3795 suum
552 3733 763 3794 dehonestare
784 3733 926 3795 voluerit
950 3753 1008 3814 per
1028 3731 1206 3792 consilinm
1221 3727 1333 3809 matig·
1437 3751 1438 3772 ι

228 3825 371 3897 ‘ww’
388 3817 446 3882 'val
463 3835 523 3900 per
537 3815 685 3894 fortiam,
707 3825 740 3878 et
752 3837 889 3899 regnam
903 3813 1113 3876 eins'anierre
1127 3811 1166 3874 ab
1180 3833 1238 3891 eo,
1260 3808 1335 3871 dnm

226 4027 473 4170 scateat„
481 4023 612 4166 att-1¹⁶:
627 4044 797 4159 ‚a
809 4020 1196 4146 {scismata
1220 4018 1340 4166 “ta

235 4161 307 4220 ttiffl?
324 4173 364 4218 est
379 4169 415 4221 ut'
428 4167 547 4233 implent.
607 4165 649 4229 ta)
666 4163 707 4216 Al.
726 4181 787 4216 mss.
808 4166 953 4238 regionem.
1014 4161 1045 4238 ar)
1065 4159 1107 4228 At.
1132 4175 1192 4208 mss.
1219 4166 1247 4210 et
1274 4155 1339 4208 edat.

238 4236 352 4291 accedit
400 4239 438 4307 y)
456 4235 566 4290 Herold.
590 4251 645 4305 spe.
704 4235 736 4303 a)
755 4229 814 4287 Hoc
832 4241 925 4320 eaput.
943 4234 973 4285 in
989 4229 1111 4304 piurimis
1130 4227 1217 4292 codd.
1233 4225 1320 4280 deest.
