<?xml version="1.0" encoding="UTF-8"?>
<!DOCTYPE html PUBLIC "-//W3C//DTD XHTML 1.0 Transitional//EN"
    "http://www.w3.org/TR/xhtml1/DTD/xhtml1-transitional.dtd">
<html xmlns="http://www.w3.org/1999/xhtml" xml:lang="en" lang="en">
 <head>
  <title>
</title>
<meta http-equiv="Content-Type" content="text/html;charset=utf-8" />
  <meta name='ocr-system' content='tesseract 3.04.00' />
  <meta name='ocr-capabilities' content='ocr_page ocr_carea ocr_par ocr_line ocrx_word'/>
</head>
<body>
  <div class='ocr_page' id='page_1' title='image "./corpusiurisgerm02visigoog/corpusiurisgerm02visigoog_0349.png"; bbox 0 0 2900 5020; ppageno 0'>
   <div class='ocr_carea' id='block_1_1' title="bbox 239 245 1128 324">
    <p class='ocr_par' dir='ltr' id='par_1_1' title="bbox 239 245 1128 324">
     <span class='ocr_line' id='line_1_1' title="bbox 239 245 1128 324; baseline 0.001 -3"><span class='ocrx_word' id='word_1_1' title='bbox 239 245 318 322; x_wconf 72' lang='lat'><strong>³30</strong></span> <span class='ocrx_word' id='word_1_2' title='bbox 492 297 495 304; x_wconf 85' lang='lat'>-</span> <span class='ocrx_word' id='word_1_3' title='bbox 515 261 932 320; x_wconf 77' lang='lat' dir='ltr'><strong>sec1snnncnnnronnn</strong></span> <span class='ocrx_word' id='word_1_4' title='bbox 950 265 1029 324; x_wconf 82' lang='lat' dir='ltr'><strong>nr.</strong></span> <span class='ocrx_word' id='word_1_5' title='bbox 1053 264 1128 322; x_wconf 75' lang='lat' dir='ltr'><strong>su.</strong></span> 
     </span>
    </p>
   </div>
   <div class='ocr_carea' id='block_1_2' title="bbox 235 403 1416 822">
    <p class='ocr_par' dir='ltr' id='par_1_2' title="bbox 235 403 1416 822">
     <span class='ocr_line' id='line_1_2' title="bbox 322 403 1414 490; baseline 0.005 -22"><span class='ocrx_word' id='word_1_6' title='bbox 322 405 363 468; x_wconf 84' lang='lat' dir='ltr'><strong>V.</strong></span> <span class='ocrx_word' id='word_1_7' title='bbox 404 403 551 482; x_wconf 83' lang='lat' dir='ltr'><strong>Quodsi</strong></span> <span class='ocrx_word' id='word_1_8' title='bbox 575 405 736 468; x_wconf 87' lang='lat' dir='ltr'><strong>necdum</strong></span> <span class='ocrx_word' id='word_1_9' title='bbox 765 415 866 490; x_wconf 84' lang='lat' dir='ltr'><strong>nupta</strong></span> <span class='ocrx_word' id='word_1_10' title='bbox 887 405 1000 490; x_wconf 87' lang='lat' dir='ltr'><strong>puella</strong></span> <span class='ocrx_word' id='word_1_11' title='bbox 1029 427 1182 469; x_wconf 84' lang='lat' dir='ltr'><strong>sorores</strong></span> <span class='ocrx_word' id='word_1_12' title='bbox 1204 405 1330 469; x_wconf 85' lang='lat' dir='ltr'><strong>babens</strong></span> <span class='ocrx_word' id='word_1_13' title='bbox 1350 411 1379 474; x_wconf 86' lang='lat' dir='ltr'><strong>de</strong></span> <span class='ocrx_word' id='word_1_14' title='bbox 1413 420 1414 428; x_wconf 78' lang='grc'>’</span> 
     </span>
     <span class='ocr_line' id='line_1_3' title="bbox 236 488 1379 572; baseline 0.002 -20"><span class='ocrx_word' id='word_1_15' title='bbox 236 489 300 552; x_wconf 85' lang='lat' dir='ltr'><strong>hac</strong></span> <span class='ocrx_word' id='word_1_16' title='bbox 330 488 406 552; x_wconf 89' lang='lat' dir='ltr'><strong>lune</strong></span> <span class='ocrx_word' id='word_1_17' title='bbox 432 488 610 566; x_wconf 78' lang='lat' dir='ltr'><strong>transierit,</strong></span> <span class='ocrx_word' id='word_1_18' title='bbox 640 511 793 571; x_wconf 79' lang='lat' dir='ltr'><strong>suamque</strong></span> <span class='ocrx_word' id='word_1_19' title='bbox 823 511 882 571; x_wconf 90' lang='lat' dir='ltr'><strong>per</strong></span> <span class='ocrx_word' id='word_1_20' title='bbox 915 490 1154 572; x_wconf 76' lang='lat' dir='ltr'><strong>scripturam,</strong></span> <span class='ocrx_word' id='word_1_21' title='bbox 1191 499 1255 552; x_wconf 85' lang='lat' dir='ltr'><strong>ant</strong></span> <span class='ocrx_word' id='word_1_22' title='bbox 1286 513 1379 554; x_wconf 88' lang='lat' dir='ltr'><strong>corarn</strong></span> 
     </span>
     <span class='ocr_line' id='line_1_4' title="bbox 236 572 1416 656; baseline -0.001 -20"><span class='ocrx_word' id='word_1_23' title='bbox 236 572 373 636; x_wconf 83' lang='lat' dir='ltr'><strong>testibus</strong></span> <span class='ocrx_word' id='word_1_24' title='bbox 399 592 465 633; x_wconf 90' lang='lat' dir='ltr'><strong>non</strong></span> <span class='ocrx_word' id='word_1_25' title='bbox 489 573 671 656; x_wconf 83' lang='lat' dir='ltr'><strong>vulgaverit</strong></span> <span class='ocrx_word' id='word_1_26' title='bbox 703 574 922 644; x_wconf 85' lang='lat' dir='ltr'><strong>voluntatem,</strong></span> <span class='ocrx_word' id='word_1_27' title='bbox 957 573 1079 656; x_wconf 88' lang='lat' dir='ltr'><strong>portio</strong></span> <span class='ocrx_word' id='word_1_28' title='bbox 1111 574 1194 635; x_wconf 89' lang='lat' dir='ltr'><strong>eius</strong></span> <span class='ocrx_word' id='word_1_29' title='bbox 1220 583 1296 656; x_wconf 85' lang='lat' dir='ltr'><strong>post</strong></span> <span class='ocrx_word' id='word_1_30' title='bbox 1323 577 1379 638; x_wconf 85' lang='lat' dir='ltr'><strong>eins</strong></span> <span class='ocrx_word' id='word_1_31' title='bbox 1415 588 1416 635; x_wconf 80' lang='lat' dir='ltr'><strong>l</strong></span> 
     </span>
     <span class='ocr_line' id='line_1_5' title="bbox 236 654 1378 722; baseline -0.003 0"><span class='ocrx_word' id='word_1_32' title='bbox 236 664 374 722; x_wconf 76' lang='lat' dir='ltr'><strong>mortem</strong></span> <span class='ocrx_word' id='word_1_33' title='bbox 391 655 431 716; x_wconf 91' lang='lat' dir='ltr'><strong>ad</strong></span> <span class='ocrx_word' id='word_1_34' title='bbox 452 675 578 718; x_wconf 90' lang='lat' dir='ltr'><strong>sorores</strong></span> <span class='ocrx_word' id='word_1_35' title='bbox 604 677 675 717; x_wconf 84' lang='lat' dir='ltr'><strong>suas</strong></span> <span class='ocrx_word' id='word_1_36' title='bbox 701 666 824 718; x_wconf 85' lang='lat' dir='ltr'><strong>remota</strong></span> <span class='ocrx_word' id='word_1_37' title='bbox 843 665 880 718; x_wconf 89' lang='lat' dir='ltr'><strong>ut</strong></span> <span class='ocrx_word' id='word_1_38' title='bbox 900 654 1027 718; x_wconf 89' lang='lat' dir='ltr'><strong>dictum</strong></span> <span class='ocrx_word' id='word_1_39' title='bbox 1055 664 1117 720; x_wconf 84' lang='lat' dir='ltr'><strong>est</strong></span> <span class='ocrx_word' id='word_1_40' title='bbox 1139 657 1292 720; x_wconf 82' lang='lat' dir='ltr'><strong>fratrum</strong></span> <span class='ocrx_word' id='word_1_41' title='bbox 1309 678 1378 720; x_wconf 72' lang='lat' dir='ltr'><strong>com«</strong></span> 
     </span>
     <span class='ocr_line' id='line_1_6' title="bbox 235 738 607 822; baseline 0.005 -20"><span class='ocrx_word' id='word_1_42' title='bbox 235 738 411 817; x_wconf 79' lang='lat' dir='ltr'><strong>munione,</strong></span> <span class='ocrx_word' id='word_1_43' title='bbox 438 738 607 822; x_wconf 83' lang='lat' dir='ltr'><strong>pertineat.</strong></span> 
     </span>
    </p>
   </div>
   <div class='ocr_carea' id='block_1_3' title="bbox 236 813 1375 1012">
    <p class='ocr_par' dir='ltr' id='par_1_3' title="bbox 236 813 1375 1012">
     <span class='ocr_line' id='line_1_7' title="bbox 296 813 1375 940; baseline 0.004 -27"><span class='ocrx_word' id='word_1_44' title='bbox 296 851 380 937; x_wconf 45' lang='lat' dir='ltr'><strong>,VL</strong></span> <span class='ocrx_word' id='word_1_45' title='bbox 422 851 548 915; x_wconf 88' lang='lat' dir='ltr'><strong>Verum</strong></span> <span class='ocrx_word' id='word_1_46' title='bbox 575 853 602 914; x_wconf 93' lang='lat' dir='ltr'><strong>si</strong></span> <span class='ocrx_word' id='word_1_47' title='bbox 624 852 778 916; x_wconf 84' lang='lat' dir='ltr'><strong>defuncta</strong></span> <span class='ocrx_word' id='word_1_48' title='bbox 810 813 883 915; x_wconf 40' lang='lat' dir='ltr'><strong>non*</strong></span> <span class='ocrx_word' id='word_1_49' title='bbox 907 851 1069 917; x_wconf 87' lang='lat' dir='ltr'><strong>babuerit</strong></span> <span class='ocrx_word' id='word_1_50' title='bbox 1101 855 1230 940; x_wconf 86' lang='lat' dir='ltr'><strong>puella</strong></span> <span class='ocrx_word' id='word_1_51' title='bbox 1263 877 1375 940; x_wconf 83' lang='lat' dir='ltr'><strong>germe-</strong></span> 
     </span>
     <span class='ocr_line' id='line_1_8' title="bbox 236 936 1374 1012; baseline 0.001 -13"><span class='ocrx_word' id='word_1_52' title='bbox 236 939 362 1012; x_wconf 79' lang='lat' dir='ltr'><strong>namb)</strong></span> <span class='ocrx_word' id='word_1_53' title='bbox 385 946 417 998; x_wconf 93' lang='lat' dir='ltr'><strong>et</strong></span> <span class='ocrx_word' id='word_1_54' title='bbox 441 936 593 998; x_wconf 82' lang='lat' dir='ltr'><strong>derebus</strong></span> <span class='ocrx_word' id='word_1_55' title='bbox 622 937 687 998; x_wconf 86' lang='lat' dir='ltr'><strong>suis</strong></span> <span class='ocrx_word' id='word_1_56' title='bbox 708 957 772 998; x_wconf 90' lang='lat' dir='ltr'><strong>non</strong></span> <span class='ocrx_word' id='word_1_57' title='bbox 801 937 974 999; x_wconf 84' lang='lat' dir='ltr'><strong>evidenter</strong></span> <span class='ocrx_word' id='word_1_58' title='bbox 1007 939 1245 1005; x_wconf 82' lang='lat' dir='ltr'><strong>observanda</strong></span> <span class='ocrx_word' id='word_1_59' title='bbox 1279 939 1374 1001; x_wconf 90' lang='lat' dir='ltr'><strong>decre-</strong></span> 
     </span>
    </p>
   </div>
   <div class='ocr_carea' id='block_1_4' title="bbox 134 1017 944 1099">
    <p class='ocr_par' dir='ltr' id='par_1_4' title="bbox 134 1017 944 1099">
     <span class='ocr_line' id='line_1_9' title="bbox 134 1017 944 1099; baseline 0.002 -15"><span class='ocrx_word' id='word_1_60' title='bbox 134 1037 138 1043; x_wconf 85' lang='lat'>&#39;</span> <span class='ocrx_word' id='word_1_61' title='bbox 234 1021 342 1099; x_wconf 78' lang='lat' dir='ltr'><strong>verit,</strong></span> <span class='ocrx_word' id='word_1_62' title='bbox 370 1021 485 1082; x_wconf 79' lang='lat' dir='ltr'><strong>iratres</strong></span> <span class='ocrx_word' id='word_1_63' title='bbox 507 1020 558 1082; x_wconf 90' lang='lat' dir='ltr'><strong>sui</strong></span> <span class='ocrx_word' id='word_1_64' title='bbox 575 1017 712 1082; x_wconf 86' lang='lat' dir='ltr'><strong>heredes</strong></span> <span class='ocrx_word' id='word_1_65' title='bbox 739 1020 944 1099; x_wconf 79' lang='lat' dir='ltr'><strong>accedenti).</strong></span> 
     </span>
    </p>
   </div>
   <div class='ocr_carea' id='block_1_5' title="bbox 235 1197 1369 1394">
    <p class='ocr_par' dir='ltr' id='par_1_5' title="bbox 235 1197 1369 1394">
     <span class='ocr_line' id='line_1_10' title="bbox 236 1197 1369 1296; baseline 0.003 -25"><span class='ocrx_word' id='word_1_66' title='bbox 236 1201 327 1272; x_wconf 78' lang='grc' dir='ltr'><strong>ΤιΤ.</strong></span> <span class='ocrx_word' id='word_1_67' title='bbox 352 1199 438 1276; x_wconf 82' lang='lat' dir='ltr'>L11.</span> <span class='ocrx_word' id='word_1_68' title='bbox 487 1199 546 1270; x_wconf 92' lang='lat' dir='ltr'><strong>De</strong></span> <span class='ocrx_word' id='word_1_69' title='bbox 571 1197 785 1272; x_wconf 87' lang='lat' dir='ltr'><strong>mulieribus</strong></span> <span class='ocrx_word' id='word_1_70' title='bbox 812 1201 1043 1295; x_wconf 86' lang='lat' dir='ltr'><strong>desponsatis</strong></span> <span class='ocrx_word' id='word_1_71' title='bbox 1076 1225 1187 1296; x_wconf 89' lang='lat' dir='ltr'><strong>quae</strong></span> <span class='ocrx_word' id='word_1_72' title='bbox 1215 1203 1265 1274; x_wconf 92' lang='lat' dir='ltr'><strong>ad</strong></span> <span class='ocrx_word' id='word_1_73' title='bbox 1297 1201 1369 1274; x_wconf 89' lang='lat' dir='ltr'><strong>alio·</strong></span> 
     </span>
     <span class='ocr_line' id='line_1_11' title="bbox 235 1299 1316 1394; baseline 0 -24"><span class='ocrx_word' id='word_1_74' title='bbox 235 1379 237 1388; x_wconf 18' lang='grc' dir='ltr'><em>Α</em></span> <span class='ocrx_word' id='word_1_75' title='bbox 293 1323 376 1372; x_wconf 87' lang='lat' dir='ltr'><strong>rum</strong></span> <span class='ocrx_word' id='word_1_76' title='bbox 398 1302 624 1372; x_wconf 86' lang='lat' dir='ltr'><strong>consortium</strong></span> <span class='ocrx_word' id='word_1_77' title='bbox 651 1299 802 1372; x_wconf 87' lang='lat' dir='ltr'><strong>libidine</strong></span> <span class='ocrx_word' id='word_1_78' title='bbox 833 1302 1029 1394; x_wconf 77' lang='lat' dir='ltr'><strong>instigante</strong></span> <span class='ocrx_word' id='word_1_79' title='bbox 1064 1304 1316 1374; x_wconf 83' lang='lat' dir='ltr'><strong>transierint.</strong></span> 
     </span>
    </p>
   </div>
   <div class='ocr_carea' id='block_1_6' title="bbox 204 1485 1417 3896">
    <p class='ocr_par' dir='ltr' id='par_1_6' title="bbox 230 1485 1365 2071">
     <span class='ocr_line' id='line_1_12' title="bbox 233 1485 1365 1574; baseline -0.001 -26"><span class='ocrx_word' id='word_1_80' title='bbox 233 1541 237 1548; x_wconf 88' lang='lat'>.</span> <span class='ocrx_word' id='word_1_81' title='bbox 317 1486 585 1570; x_wconf 84' lang='lat' dir='ltr'><strong>Quotiescunque</strong></span> <span class='ocrx_word' id='word_1_82' title='bbox 606 1485 793 1551; x_wconf 87' lang='lat' dir='ltr'><strong>huiusmodi</strong></span> <span class='ocrx_word' id='word_1_83' title='bbox 818 1509 949 1551; x_wconf 79' lang='lat' dir='ltr'><strong>caussae</strong></span> <span class='ocrx_word' id='word_1_84' title='bbox 974 1499 1214 1574; x_wconf 89' lang='lat' dir='ltr'><strong>consurgunt,</strong></span> <span class='ocrx_word' id='word_1_85' title='bbox 1238 1488 1281 1550; x_wconf 92' lang='lat' dir='ltr'><strong>de</strong></span> <span class='ocrx_word' id='word_1_86' title='bbox 1305 1487 1365 1570; x_wconf 90' lang='lat' dir='ltr'><strong>qni·</strong></span> 
     </span>
     <span class='ocr_line' id='line_1_13' title="bbox 233 1570 1362 1654; baseline -0.002 -22"><span class='ocrx_word' id='word_1_87' title='bbox 233 1570 294 1634; x_wconf 84' lang='lat' dir='ltr'><strong>bus</strong></span> <span class='ocrx_word' id='word_1_88' title='bbox 317 1570 401 1632; x_wconf 90' lang='lat' dir='ltr'><strong>nihil</strong></span> <span class='ocrx_word' id='word_1_89' title='bbox 424 1571 689 1654; x_wconf 89' lang='lat' dir='ltr'><strong>praecedentium</strong></span> <span class='ocrx_word' id='word_1_90' title='bbox 707 1571 815 1654; x_wconf 88' lang='lat' dir='ltr'><strong>legum</strong></span> <span class='ocrx_word' id='word_1_91' title='bbox 835 1580 951 1632; x_wconf 85' lang='lat' dir='ltr'><strong>statuta</strong></span> <span class='ocrx_word' id='word_1_92' title='bbox 970 1573 1156 1636; x_wconf 87' lang='lat' dir='ltr'><strong>disserunt</strong></span> <span class='ocrx_word' id='word_1_93' title='bbox 1175 1574 1228 1650; x_wconf 73' lang='lat' dir='ltr'><strong>k),</strong></span> <span class='ocrx_word' id='word_1_94' title='bbox 1251 1570 1294 1632; x_wconf 90' lang='lat' dir='ltr'><strong>ita</strong></span> <span class='ocrx_word' id='word_1_95' title='bbox 1311 1594 1362 1630; x_wconf 87' lang='lat' dir='ltr'><strong>an·</strong></span> 
     </span>
     <span class='ocr_line' id='line_1_14' title="bbox 232 1654 1361 1738; baseline -0.002 -22"><span class='ocrx_word' id='word_1_96' title='bbox 232 1654 423 1737; x_wconf 84' lang='lat' dir='ltr'><strong>bignitatern</strong></span> <span class='ocrx_word' id='word_1_97' title='bbox 443 1655 490 1717; x_wconf 86' lang='lat' dir='ltr'><strong>rei</strong></span> <span class='ocrx_word' id='word_1_98' title='bbox 512 1663 640 1737; x_wconf 90' lang='lat' dir='ltr'><strong>oportet</strong></span> <span class='ocrx_word' id='word_1_99' title='bbox 666 1655 801 1734; x_wconf 78' lang='lat' dir='ltr'><strong>absolvi,</strong></span> <span class='ocrx_word' id='word_1_100' title='bbox 825 1666 862 1716; x_wconf 88' lang='lat' dir='ltr'><strong>ut</strong></span> <span class='ocrx_word' id='word_1_101' title='bbox 883 1655 1034 1718; x_wconf 88' lang='lat' dir='ltr'><strong>emissum</strong></span> <span class='ocrx_word' id='word_1_102' title='bbox 1064 1656 1243 1718; x_wconf 86' lang='lat' dir='ltr'><strong>iudicium</strong></span> <span class='ocrx_word' id='word_1_103' title='bbox 1262 1675 1361 1738; x_wconf 87' lang='lat' dir='ltr'><strong>perpe·</strong></span> 
     </span>
     <span class='ocr_line' id='line_1_15' title="bbox 232 1736 1358 1822; baseline -0.003 -24"><span class='ocrx_word' id='word_1_104' title='bbox 232 1748 310 1798; x_wconf 89' lang='lat' dir='ltr'><strong>tuae·</strong></span> <span class='ocrx_word' id='word_1_105' title='bbox 334 1737 413 1819; x_wconf 89' lang='lat' dir='ltr'><strong>legis</strong></span> <span class='ocrx_word' id='word_1_106' title='bbox 434 1737 535 1798; x_wconf 88' lang='lat' dir='ltr'><strong>robur</strong></span> <span class='ocrx_word' id='word_1_107' title='bbox 561 1736 712 1820; x_wconf 87' lang='lat' dir='ltr'><strong>accipiat,</strong></span> <span class='ocrx_word' id='word_1_108' title='bbox 735 1747 769 1800; x_wconf 90' lang='lat' dir='ltr'><strong>et</strong></span> <span class='ocrx_word' id='word_1_109' title='bbox 786 1737 935 1822; x_wconf 90' lang='lat' dir='ltr'><strong>specialis</strong></span> <span class='ocrx_word' id='word_1_110' title='bbox 959 1761 1075 1801; x_wconf 84' lang='lat' dir='ltr'><strong>caussa</strong></span> <span class='ocrx_word' id='word_1_111' title='bbox 1101 1737 1302 1821; x_wconf 84' lang='lat' dir='ltr'><strong>generalem</strong></span> <span class='ocrx_word' id='word_1_112' title='bbox 1321 1746 1358 1795; x_wconf 91' lang='lat' dir='ltr'><strong>te·</strong></span> 
     </span>
     <span class='ocr_line' id='line_1_16' title="bbox 233 1817 1355 1904; baseline -0.004 -22"><span class='ocrx_word' id='word_1_113' title='bbox 233 1827 308 1882; x_wconf 87' lang='lat' dir='ltr'><strong>neat</strong></span> <span class='ocrx_word' id='word_1_114' title='bbox 335 1821 537 1903; x_wconf 85' lang='lat' dir='ltr'><strong>aequitatem.</strong></span> <span class='ocrx_word' id='word_1_115' title='bbox 579 1819 707 1881; x_wconf 88' lang='lat' dir='ltr'><strong>Auditis</strong></span> <span class='ocrx_word' id='word_1_116' title='bbox 729 1820 829 1902; x_wconf 88' lang='lat' dir='ltr'><strong>igitur</strong></span> <span class='ocrx_word' id='word_1_117' title='bbox 849 1831 946 1904; x_wconf 90' lang='lat' dir='ltr'><strong>atque</strong></span> <span class='ocrx_word' id='word_1_118' title='bbox 972 1822 1155 1904; x_wconf 88' lang='lat' dir='ltr'><strong>perpensis</strong></span> <span class='ocrx_word' id='word_1_119' title='bbox 1188 1817 1355 1881; x_wconf 84' lang='lat' dir='ltr'><strong>criminalis</strong></span> 
     </span>
     <span class='ocr_line' id='line_1_17' title="bbox 232 1903 1355 1988; baseline -0.005 -22"><span class='ocrx_word' id='word_1_120' title='bbox 232 1903 356 1987; x_wconf 81' lang='lat' dir='ltr'><strong>negotii</strong></span> <span class='ocrx_word' id='word_1_121' title='bbox 381 1905 514 1979; x_wconf 88' lang='lat' dir='ltr'><strong>meritis,</strong></span> <span class='ocrx_word' id='word_1_122' title='bbox 536 1903 625 1984; x_wconf 90' lang='lat' dir='ltr'><strong>qnod</strong></span> <span class='ocrx_word' id='word_1_123' title='bbox 648 1903 734 1964; x_wconf 88' lang='lat' dir='ltr'><strong>inter</strong></span> <span class='ocrx_word' id='word_1_124' title='bbox 761 1905 1005 1987; x_wconf 87' lang='lat' dir='ltr'><strong>Fredegiselum</strong></span> <span class='ocrx_word' id='word_1_125' title='bbox 1032 1903 1261 1988; x_wconf 86' lang='lat' dir='ltr'><strong>Spatharium</strong></span> <span class='ocrx_word' id='word_1_126' title='bbox 1292 1921 1355 1961; x_wconf 91' lang='lat' dir='ltr'><strong>nos·</strong></span> 
     </span>
     <span class='ocr_line' id='line_1_18' title="bbox 230 1986 1353 2071; baseline -0.008 -21"><span class='ocrx_word' id='word_1_127' title='bbox 230 1997 336 2063; x_wconf 64' lang='lat' dir='ltr'><strong>uum,</strong></span> <span class='ocrx_word' id='word_1_128' title='bbox 368 1997 400 2048; x_wconf 87' lang='lat' dir='ltr'><strong>et</strong></span> <span class='ocrx_word' id='word_1_129' title='bbox 420 1986 676 2064; x_wconf 85' lang='lat' dir='ltr'><strong>Balthamodurn,</strong></span> <span class='ocrx_word' id='word_1_130' title='bbox 698 2007 760 2048; x_wconf 91' lang='lat' dir='ltr'><strong>nec</strong></span> <span class='ocrx_word' id='word_1_131' title='bbox 782 2007 848 2047; x_wconf 91' lang='lat' dir='ltr'><strong>non</strong></span> <span class='ocrx_word' id='word_1_132' title='bbox 870 1989 1094 2071; x_wconf 86' lang='lat' dir='ltr'><strong>Aunegildem</strong></span> <span class='ocrx_word' id='word_1_133' title='bbox 1117 1986 1283 2062; x_wconf 80' lang='lat' dir='ltr'><strong>vertebat,</strong></span> <span class='ocrx_word' id='word_1_134' title='bbox 1295 2003 1353 2044; x_wconf 88' lang='lat' dir='ltr'><strong>sen·</strong></span> 
     </span>
    </p>

    <p class='ocr_par' dir='ltr' id='par_1_7' title="bbox 204 2067 1350 2738">
     <span class='ocr_line' id='line_1_19' title="bbox 204 2067 1350 2152; baseline -0.01 -18"><span class='ocrx_word' id='word_1_135' title='bbox 204 2121 206 2126; x_wconf 68' lang='lat'><strong>,</strong></span> <span class='ocrx_word' id='word_1_136' title='bbox 231 2072 367 2134; x_wconf 86' lang='lat' dir='ltr'><strong>tentiam</strong></span> <span class='ocrx_word' id='word_1_137' title='bbox 394 2069 546 2148; x_wconf 86' lang='lat' dir='ltr'><strong>diximus,</strong></span> <span class='ocrx_word' id='word_1_138' title='bbox 567 2091 650 2152; x_wconf 88' lang='lat' dir='ltr'><strong>quae</strong></span> <span class='ocrx_word' id='word_1_139' title='bbox 672 2091 786 2132; x_wconf 87' lang='lat' dir='ltr'><strong>recens</strong></span> <span class='ocrx_word' id='word_1_140' title='bbox 806 2071 933 2132; x_wconf 84' lang='lat' dir='ltr'><strong>facinus</strong></span> <span class='ocrx_word' id='word_1_141' title='bbox 959 2079 1130 2133; x_wconf 90' lang='lat' dir='ltr'><strong>resecaret</strong></span> <span class='ocrx_word' id='word_1_142' title='bbox 1154 2071 1187 2147; x_wconf 89' lang='lat' dir='ltr'><strong>l)</strong></span> <span class='ocrx_word' id='word_1_143' title='bbox 1222 2077 1257 2130; x_wconf 88' lang='lat' dir='ltr'><strong>et</strong></span> <span class='ocrx_word' id='word_1_144' title='bbox 1277 2067 1350 2126; x_wconf 84' lang='lat' dir='ltr'><strong>futu-</strong></span> 
     </span>
     <span class='ocr_line' id='line_1_20' title="bbox 231 2148 1348 2236; baseline -0.01 -21"><span class='ocrx_word' id='word_1_145' title='bbox 231 2156 277 2217; x_wconf 89' lang='lat' dir='ltr'><strong>ris</strong></span> <span class='ocrx_word' id='word_1_146' title='bbox 297 2153 495 2234; x_wconf 86' lang='lat' dir='ltr'><strong>temporibus</strong></span> <span class='ocrx_word' id='word_1_147' title='bbox 517 2153 649 2213; x_wconf 90' lang='lat' dir='ltr'><strong>modum</strong></span> <span class='ocrx_word' id='word_1_148' title='bbox 664 2152 876 2214; x_wconf 86' lang='lat' dir='ltr'><strong>districtionis</strong></span> <span class='ocrx_word' id='word_1_149' title='bbox 898 2154 1097 2236; x_wconf 83' lang='lat' dir='ltr'><strong>imponeret.</strong></span> <span class='ocrx_word' id='word_1_150' title='bbox 1143 2153 1191 2214; x_wconf 91' lang='lat' dir='ltr'><strong>Et</strong></span> <span class='ocrx_word' id='word_1_151' title='bbox 1209 2148 1348 2234; x_wconf 86' lang='lat' dir='ltr'><strong>quoniam</strong></span> 
     </span>
     <span class='ocr_line' id='line_1_21' title="bbox 230 2235 1348 2320; baseline -0.006 -22"><span class='ocrx_word' id='word_1_152' title='bbox 230 2236 422 2319; x_wconf 84' lang='lat' dir='ltr'><strong>Annegildis</strong></span> <span class='ocrx_word' id='word_1_153' title='bbox 447 2244 519 2320; x_wconf 87' lang='lat' dir='ltr'><strong>post</strong></span> <span class='ocrx_word' id='word_1_154' title='bbox 541 2236 647 2295; x_wconf 87' lang='lat' dir='ltr'><strong>mariti</strong></span> <span class='ocrx_word' id='word_1_155' title='bbox 671 2235 788 2317; x_wconf 85' lang='lat' dir='ltr'><strong>prioris</strong></span> <span class='ocrx_word' id='word_1_156' title='bbox 815 2236 939 2296; x_wconf 89' lang='lat' dir='ltr'><strong>obitum</strong></span> <span class='ocrx_word' id='word_1_157' title='bbox 961 2237 994 2296; x_wconf 91' lang='lat' dir='ltr'><strong>in</strong></span> <span class='ocrx_word' id='word_1_158' title='bbox 1016 2259 1076 2297; x_wconf 88' lang='lat' dir='ltr'><strong>sua</strong></span> <span class='ocrx_word' id='word_1_159' title='bbox 1090 2243 1258 2320; x_wconf 86' lang='lat' dir='ltr'><strong>potestate</strong></span> <span class='ocrx_word' id='word_1_160' title='bbox 1280 2250 1348 2292; x_wconf 86' lang='lat' dir='ltr'><strong>con·</strong></span> 
     </span>
     <span class='ocr_line' id='line_1_22' title="bbox 231 2318 1346 2414; baseline -0.011 -33"><span class='ocrx_word' id='word_1_161' title='bbox 231 2321 346 2382; x_wconf 82' lang='lat' dir='ltr'><strong>sistens</strong></span> <span class='ocrx_word' id='word_1_162' title='bbox 381 2341 414 2379; x_wconf 88' lang='lat' dir='ltr'><strong>se</strong></span> <span class='ocrx_word' id='word_1_163' title='bbox 445 2319 607 2380; x_wconf 89' lang='lat' dir='ltr'><strong>antedicto</strong></span> <span class='ocrx_word' id='word_1_164' title='bbox 633 2318 841 2414; x_wconf 75' lang='lat' dir='ltr'><strong>Fredegisplo</strong></span> <span class='ocrx_word' id='word_1_165' title='bbox 874 2341 939 2380; x_wconf 90' lang='lat' dir='ltr'><strong>non</strong></span> <span class='ocrx_word' id='word_1_166' title='bbox 966 2320 1072 2382; x_wconf 89' lang='lat' dir='ltr'><strong>solum</strong></span> <span class='ocrx_word' id='word_1_167' title='bbox 1111 2342 1157 2381; x_wconf 89' lang='lat' dir='ltr'><strong>ex</strong></span> <span class='ocrx_word' id='word_1_168' title='bbox 1188 2323 1346 2402; x_wconf 88' lang='lat' dir='ltr'><strong>parentum</strong></span> 
     </span>
     <span class='ocr_line' id='line_1_23' title="bbox 232 2398 1344 2484; baseline -0.009 -20"><span class='ocrx_word' id='word_1_169' title='bbox 232 2424 404 2480; x_wconf 88' lang='lat' dir='ltr'><strong>consensu,</strong></span> <span class='ocrx_word' id='word_1_170' title='bbox 428 2424 542 2465; x_wconf 84' lang='lat' dir='ltr'><strong>verum</strong></span> <span class='ocrx_word' id='word_1_171' title='bbox 566 2401 662 2462; x_wconf 88' lang='lat' dir='ltr'><strong>etiam</strong></span> <span class='ocrx_word' id='word_1_172' title='bbox 685 2423 816 2484; x_wconf 79' lang='lat' dir='ltr'><strong>proprio</strong></span> <span class='ocrx_word' id='word_1_173' title='bbox 840 2403 973 2465; x_wconf 88' lang='lat' dir='ltr'><strong>arbitrio</strong></span> <span class='ocrx_word' id='word_1_174' title='bbox 996 2412 1029 2463; x_wconf 89' lang='lat' dir='ltr'><strong>et</strong></span> <span class='ocrx_word' id='word_1_175' title='bbox 1049 2403 1228 2464; x_wconf 83' lang='lat' dir='ltr'><strong>voluntate</strong></span> <span class='ocrx_word' id='word_1_176' title='bbox 1256 2398 1344 2458; x_wconf 86' lang='lat' dir='ltr'><strong>dona·</strong></span> 
     </span>
     <span class='ocr_line' id='line_1_24' title="bbox 232 2483 1344 2567; baseline -0.007 -19"><span class='ocrx_word' id='word_1_177' title='bbox 232 2485 336 2561; x_wconf 78' lang='lat' dir='ltr'><strong>verit,</strong></span> <span class='ocrx_word' id='word_1_178' title='bbox 359 2495 391 2546; x_wconf 89' lang='lat' dir='ltr'><strong>et</strong></span> <span class='ocrx_word' id='word_1_179' title='bbox 418 2486 571 2548; x_wconf 85' lang='lat' dir='ltr'><strong>maiorem</strong></span> <span class='ocrx_word' id='word_1_180' title='bbox 596 2484 749 2566; x_wconf 86' lang='lat' dir='ltr'><strong>nuptialis</strong></span> <span class='ocrx_word' id='word_1_181' title='bbox 775 2486 871 2565; x_wconf 89' lang='lat' dir='ltr'><strong>pretii</strong></span> <span class='ocrx_word' id='word_1_182' title='bbox 895 2497 1018 2567; x_wconf 86' lang='lat' dir='ltr'><strong>partem</strong></span> <span class='ocrx_word' id='word_1_183' title='bbox 1044 2507 1174 2566; x_wconf 87' lang='lat' dir='ltr'><strong>sponso</strong></span> <span class='ocrx_word' id='word_1_184' title='bbox 1198 2483 1344 2544; x_wconf 84' lang='lat' dir='ltr'><strong>adnume-</strong></span> 
     </span>
     <span class='ocr_line' id='line_1_25' title="bbox 231 2568 1342 2651; baseline -0.014 -19"><span class='ocrx_word' id='word_1_185' title='bbox 231 2578 323 2632; x_wconf 85' lang='lat' dir='ltr'><strong>rantc</strong></span> <span class='ocrx_word' id='word_1_186' title='bbox 348 2569 547 2651; x_wconf 86' lang='lat' dir='ltr'><strong>perceperit,</strong></span> <span class='ocrx_word' id='word_1_187' title='bbox 570 2568 731 2648; x_wconf 86' lang='lat' dir='ltr'><strong>fidemque</strong></span> <span class='ocrx_word' id='word_1_188' title='bbox 753 2568 864 2649; x_wconf 88' lang='lat' dir='ltr'><strong>placiti</strong></span> <span class='ocrx_word' id='word_1_189' title='bbox 884 2568 1030 2630; x_wconf 89' lang='lat' dir='ltr'><strong>libidinis</strong></span> <span class='ocrx_word' id='word_1_190' title='bbox 1051 2569 1176 2629; x_wconf 88' lang='lat' dir='ltr'><strong>ardore</strong></span> <span class='ocrx_word' id='word_1_191' title='bbox 1202 2579 1342 2626; x_wconf 87' lang='lat' dir='ltr'><strong>succensa</strong></span> 
     </span>
     <span class='ocr_line' id='line_1_26' title="bbox 231 2651 1341 2738; baseline -0.005 -24"><span class='ocrx_word' id='word_1_192' title='bbox 231 2653 436 2733; x_wconf 85' lang='lat' dir='ltr'><strong>disrumpens</strong></span> <span class='ocrx_word' id='word_1_193' title='bbox 457 2653 497 2714; x_wconf 91' lang='lat' dir='ltr'><strong>ad</strong></span> <span class='ocrx_word' id='word_1_194' title='bbox 510 2651 711 2712; x_wconf 88' lang='lat' dir='ltr'><strong>Baltbamodi</strong></span> <span class='ocrx_word' id='word_1_195' title='bbox 735 2671 800 2709; x_wconf 91' lang='lat' dir='ltr'><strong>non</strong></span> <span class='ocrx_word' id='word_1_196' title='bbox 817 2661 882 2711; x_wconf 89' lang='lat' dir='ltr'><strong>tam</strong></span> <span class='ocrx_word' id='word_1_197' title='bbox 898 2665 972 2714; x_wconf 80' lang='lat' dir='ltr'><strong>vota</strong></span> <span class='ocrx_word' id='word_1_198' title='bbox 990 2651 1166 2713; x_wconf 87' lang='lat' dir='ltr'><strong>concurrit</strong></span> <span class='ocrx_word' id='word_1_199' title='bbox 1186 2655 1245 2724; x_wconf 82' lang='lat' dir='ltr'><strong>m),</strong></span> <span class='ocrx_word' id='word_1_200' title='bbox 1260 2661 1341 2738; x_wconf 66' lang='lat' dir='ltr'><strong>qqaffl</strong></span> 
     </span>
    </p>

    <p class='ocr_par' dir='ltr' id='par_1_8' title="bbox 213 2727 1417 3729">
     <span class='ocr_line' id='line_1_27' title="bbox 232 2727 1340 2816; baseline -0.014 -20"><span class='ocrx_word' id='word_1_201' title='bbox 232 2737 273 2796; x_wconf 90' lang='lat' dir='ltr'><strong>ad</strong></span> <span class='ocrx_word' id='word_1_202' title='bbox 294 2745 486 2795; x_wconf 87' lang='lat' dir='ltr'><strong>consuetum</strong></span> <span class='ocrx_word' id='word_1_203' title='bbox 505 2734 663 2816; x_wconf 85' lang='lat' dir='ltr'><strong>flagitium</strong></span> <span class='ocrx_word' id='word_1_204' title='bbox 682 2735 856 2796; x_wconf 82' lang='lat' dir='ltr'><strong>remeavit:</strong></span> <span class='ocrx_word' id='word_1_205' title='bbox 891 2745 988 2815; x_wconf 88' lang='lat' dir='ltr'><strong>atque</strong></span> <span class='ocrx_word' id='word_1_206' title='bbox 1007 2733 1048 2793; x_wconf 92' lang='lat' dir='ltr'><strong>ob</strong></span> <span class='ocrx_word' id='word_1_207' title='bbox 1071 2733 1140 2794; x_wconf 88' lang='lat' dir='ltr'><strong>hoc</strong></span> <span class='ocrx_word' id='word_1_208' title='bbox 1170 2752 1236 2790; x_wconf 91' lang='lat' dir='ltr'><strong>non</strong></span> <span class='ocrx_word' id='word_1_209' title='bbox 1259 2727 1340 2786; x_wconf 86' lang='lat' dir='ltr'><strong>ahter</strong></span> 
     </span>
     <span class='ocr_line' id='line_1_28' title="bbox 224 2804 1338 2900; baseline -0.007 -23"><span class='ocrx_word' id='word_1_210' title='bbox 224 2827 357 2881; x_wconf 81' lang='lat' dir='ltr'><strong>tentum</strong></span> <span class='ocrx_word' id='word_1_211' title='bbox 384 2819 507 2878; x_wconf 88' lang='lat' dir='ltr'><strong>crimen</strong></span> <span class='ocrx_word' id='word_1_212' title='bbox 532 2828 722 2900; x_wconf 83' lang='lat' dir='ltr'><strong>tantumque</strong></span> <span class='ocrx_word' id='word_1_213' title='bbox 740 2816 882 2878; x_wconf 89' lang='lat' dir='ltr'><strong>dedecus</strong></span> <span class='ocrx_word' id='word_1_214' title='bbox 904 2816 1076 2894; x_wconf 84' lang='lat' dir='ltr'><strong>libertatis,</strong></span> <span class='ocrx_word' id='word_1_215' title='bbox 1100 2837 1204 2899; x_wconf 91' lang='lat' dir='ltr'><strong>quam</strong></span> <span class='ocrx_word' id='word_1_216' title='bbox 1226 2804 1338 2896; x_wconf 65' lang='lat' dir='ltr'><strong>sanguij</strong></span> 
     </span>
     <span class='ocr_line' id='line_1_29' title="bbox 213 2893 1336 2982; baseline -0.013 -18"><span class='ocrx_word' id='word_1_217' title='bbox 213 2903 284 2964; x_wconf 76' lang='lat' dir='ltr'><strong>nis</strong></span> <span class='ocrx_word' id='word_1_218' title='bbox 317 2901 367 2962; x_wconf 87' lang='lat' dir='ltr'><strong>sui</strong></span> <span class='ocrx_word' id='word_1_219' title='bbox 390 2900 546 2961; x_wconf 83' lang='lat' dir='ltr'><strong>effusione</strong></span> <span class='ocrx_word' id='word_1_220' title='bbox 580 2900 736 2962; x_wconf 85' lang='lat' dir='ltr'><strong>debuerat</strong></span> <span class='ocrx_word' id='word_1_221' title='bbox 773 2899 915 2982; x_wconf 86' lang='lat' dir='ltr'><strong>expiare.</strong></span> <span class='ocrx_word' id='word_1_222' title='bbox 985 2901 1110 2960; x_wconf 88' lang='lat' dir='ltr'><strong>Tamen</strong></span> <span class='ocrx_word' id='word_1_223' title='bbox 1154 2893 1336 2958; x_wconf 75' lang='lat' dir='ltr'><strong>districtior</strong></span> 
     </span>
     <span class='ocr_line' id='line_1_30' title="bbox 231 2975 1337 3069; baseline -0.007 -24"><span class='ocrx_word' id='word_1_224' title='bbox 231 2984 381 3069; x_wconf 89' lang='lat' dir='ltr'><strong>publicae</strong></span> <span class='ocrx_word' id='word_1_225' title='bbox 413 2984 541 3044; x_wconf 88' lang='lat' dir='ltr'><strong>dierum</strong></span> <span class='ocrx_word' id='word_1_226' title='bbox 574 2983 791 3045; x_wconf 84' lang='lat' dir='ltr'><strong>reverentiam</strong></span> <span class='ocrx_word' id='word_1_227' title='bbox 818 2991 1056 3066; x_wconf 89' lang='lat' dir='ltr'><strong>praeponentes</strong></span> <span class='ocrx_word' id='word_1_228' title='bbox 1094 2982 1274 3052; x_wconf 90' lang='lat' dir='ltr'><strong>iubemus,</strong></span> <span class='ocrx_word' id='word_1_229' title='bbox 1308 2975 1337 3028; x_wconf 75' lang='lat' dir='ltr'><strong>ul</strong></span> 
     </span>
     <span class='ocr_line' id='line_1_31' title="bbox 231 3063 1335 3148; baseline -0.005 -19"><span class='ocrx_word' id='word_1_230' title='bbox 231 3066 422 3148; x_wconf 74' lang='lat' dir='ltr'><strong>banegildis</strong></span> <span class='ocrx_word' id='word_1_231' title='bbox 447 3066 559 3127; x_wconf 87' lang='lat' dir='ltr'><strong>divino</strong></span> <span class='ocrx_word' id='word_1_232' title='bbox 576 3065 792 3147; x_wconf 87' lang='lat' dir='ltr'><strong>humanoque</strong></span> <span class='ocrx_word' id='word_1_233' title='bbox 822 3065 1035 3133; x_wconf 68' lang='lat' dir='ltr'><strong>dehonestata</strong></span> <span class='ocrx_word' id='word_1_234' title='bbox 1072 3063 1231 3138; x_wconf 85' lang='lat' dir='ltr'><strong>iudicio,</strong></span> <span class='ocrx_word' id='word_1_235' title='bbox 1272 3073 1335 3138; x_wconf 65' lang='lat' dir='ltr'><strong>pre·</strong></span> 
     </span>
     <span class='ocr_line' id='line_1_32' title="bbox 231 3141 1417 3238; baseline -0.01 -28"><span class='ocrx_word' id='word_1_236' title='bbox 231 3152 315 3211; x_wconf 86' lang='lat' dir='ltr'><strong>tium</strong></span> <span class='ocrx_word' id='word_1_237' title='bbox 343 3151 403 3209; x_wconf 88' lang='lat' dir='ltr'><strong>boc</strong></span> <span class='ocrx_word' id='word_1_238' title='bbox 435 3158 484 3210; x_wconf 83' lang='lat' dir='ltr'><strong>est</strong></span> <span class='ocrx_word' id='word_1_239' title='bbox 517 3149 607 3210; x_wconf 86' lang='lat' dir='ltr'>CCC.</span> <span class='ocrx_word' id='word_1_240' title='bbox 644 3148 763 3210; x_wconf 89' lang='lat' dir='ltr'><strong>solidos</strong></span> <span class='ocrx_word' id='word_1_241' title='bbox 795 3147 1004 3230; x_wconf 84' lang='lat' dir='ltr'><strong>Fredegiselo</strong></span> <span class='ocrx_word' id='word_1_242' title='bbox 1038 3157 1150 3210; x_wconf 89' lang='lat' dir='ltr'><strong>coacta</strong></span> <span class='ocrx_word' id='word_1_243' title='bbox 1188 3141 1334 3230; x_wconf 66' lang='lat' dir='ltr'><strong>dissolvat.</strong></span> <span class='ocrx_word' id='word_1_244' title='bbox 1416 3165 1417 3238; x_wconf 59' lang='lat' dir='ltr'><strong>p</strong></span> 
     </span>
     <span class='ocr_line' id='line_1_33' title="bbox 231 3226 1334 3314; baseline -0.016 -20"><span class='ocrx_word' id='word_1_245' title='bbox 231 3234 299 3294; x_wconf 82' lang='lat' dir='ltr'><strong>Nec</strong></span> <span class='ocrx_word' id='word_1_246' title='bbox 326 3231 571 3293; x_wconf 81' lang='lat' dir='ltr'><strong>Baithamodum</strong></span> <span class='ocrx_word' id='word_1_247' title='bbox 606 3232 739 3314; x_wconf 81' lang='lat' dir='ltr'><strong>quidem</strong></span> <span class='ocrx_word' id='word_1_248' title='bbox 779 3231 817 3291; x_wconf 92' lang='lat' dir='ltr'><strong>ab</strong></span> <span class='ocrx_word' id='word_1_249' title='bbox 849 3230 948 3313; x_wconf 88' lang='lat' dir='ltr'><strong>ipsius</strong></span> <span class='ocrx_word' id='word_1_250' title='bbox 984 3227 1203 3292; x_wconf 88' lang='lat' dir='ltr'><strong>damnationis</strong></span> <span class='ocrx_word' id='word_1_251' title='bbox 1234 3226 1334 3283; x_wconf 83' lang='lat' dir='ltr'><strong>menn</strong></span> 
     </span>
     <span class='ocr_line' id='line_1_34' title="bbox 232 3312 1331 3398; baseline -0.017 -21"><span class='ocrx_word' id='word_1_252' title='bbox 232 3335 446 3398; x_wconf 84' lang='lat' dir='ltr'><strong>segregamus,</strong></span> <span class='ocrx_word' id='word_1_253' title='bbox 467 3314 524 3397; x_wconf 90' lang='lat' dir='ltr'><strong>qui</strong></span> <span class='ocrx_word' id='word_1_254' title='bbox 547 3316 718 3378; x_wconf 89' lang='lat' dir='ltr'><strong>mulierem</strong></span> <span class='ocrx_word' id='word_1_255' title='bbox 742 3313 877 3374; x_wconf 88' lang='lat' dir='ltr'><strong>alterius</strong></span> <span class='ocrx_word' id='word_1_256' title='bbox 896 3312 1048 3396; x_wconf 85' lang='lat' dir='ltr'><strong>coniugio</strong></span> <span class='ocrx_word' id='word_1_257' title='bbox 1079 3313 1232 3386; x_wconf 88' lang='lat' dir='ltr'><strong>debitam,</strong></span> <span class='ocrx_word' id='word_1_258' title='bbox 1252 3319 1331 3388; x_wconf 90' lang='lat' dir='ltr'><strong>prae-</strong></span> 
     </span>
     <span class='ocr_line' id='line_1_35' title="bbox 232 3389 1331 3480; baseline -0.011 -20"><span class='ocrx_word' id='word_1_259' title='bbox 232 3397 368 3477; x_wconf 77' lang='lat' dir='ltr'><strong>sumpsit</strong></span> <span class='ocrx_word' id='word_1_260' title='bbox 387 3397 551 3478; x_wconf 85' lang='lat' dir='ltr'><strong>accipere:</strong></span> <span class='ocrx_word' id='word_1_261' title='bbox 581 3397 675 3458; x_wconf 88' lang='lat' dir='ltr'><strong>cuius</strong></span> <span class='ocrx_word' id='word_1_262' title='bbox 695 3407 830 3457; x_wconf 85' lang='lat' dir='ltr'><strong>mortem</strong></span> <span class='ocrx_word' id='word_1_263' title='bbox 850 3418 960 3480; x_wconf 84' lang='lat' dir='ltr'><strong>caussa</strong></span> <span class='ocrx_word' id='word_1_264' title='bbox 987 3398 1148 3480; x_wconf 90' lang='lat' dir='ltr'><strong>poscebat.</strong></span> <span class='ocrx_word' id='word_1_265' title='bbox 1191 3389 1254 3454; x_wconf 90' lang='lat' dir='ltr'><strong>Sed</strong></span> <span class='ocrx_word' id='word_1_266' title='bbox 1272 3400 1331 3448; x_wconf 72' lang='lat' dir='ltr'><strong>sen·</strong></span> 
     </span>
     <span class='ocr_line' id='line_1_36' title="bbox 231 3477 1329 3544; baseline -0.013 -2"><span class='ocrx_word' id='word_1_267' title='bbox 231 3481 367 3542; x_wconf 88' lang='lat' dir='ltr'><strong>tentiam</strong></span> <span class='ocrx_word' id='word_1_268' title='bbox 393 3489 534 3544; x_wconf 84' lang='lat' dir='ltr'><strong>nostram</strong></span> <span class='ocrx_word' id='word_1_269' title='bbox 557 3479 596 3540; x_wconf 88' lang='lat' dir='ltr'><strong>ab</strong></span> <span class='ocrx_word' id='word_1_270' title='bbox 619 3480 754 3542; x_wconf 86' lang='lat' dir='ltr'><strong>interitu</strong></span> <span class='ocrx_word' id='word_1_271' title='bbox 783 3479 854 3541; x_wconf 83' lang='lat' dir='ltr'><strong>eius</strong></span> <span class='ocrx_word' id='word_1_272' title='bbox 875 3480 935 3541; x_wconf 87' lang='lat' dir='ltr'><strong>snb</strong></span> <span class='ocrx_word' id='word_1_273' title='bbox 965 3479 1026 3541; x_wconf 86' lang='lat' dir='ltr'><strong>hac</strong></span> <span class='ocrx_word' id='word_1_274' title='bbox 1047 3477 1235 3542; x_wconf 89' lang='lat' dir='ltr'><strong>conditione</strong></span> <span class='ocrx_word' id='word_1_275' title='bbox 1256 3481 1329 3530; x_wconf 71' lang='lat' dir='ltr'><strong>sanc·</strong></span> 
     </span>
     <span class='ocr_line' id='line_1_37' title="bbox 233 3553 1328 3640; baseline -0.012 -15"><span class='ocrx_word' id='word_1_276' title='bbox 233 3574 340 3626; x_wconf 88' lang='lat' dir='ltr'><strong>torum</strong></span> <span class='ocrx_word' id='word_1_277' title='bbox 361 3564 488 3626; x_wconf 89' lang='lat' dir='ltr'><strong>dierum</strong></span> <span class='ocrx_word' id='word_1_278' title='bbox 511 3562 727 3625; x_wconf 89' lang='lat' dir='ltr'><strong>consideratio</strong></span> <span class='ocrx_word' id='word_1_279' title='bbox 745 3563 923 3640; x_wconf 82' lang='lat' dir='ltr'><strong>revocavit,</strong></span> <span class='ocrx_word' id='word_1_280' title='bbox 946 3573 983 3624; x_wconf 90' lang='lat' dir='ltr'><strong>ut</strong></span> <span class='ocrx_word' id='word_1_281' title='bbox 1000 3563 1063 3624; x_wconf 87' lang='lat' dir='ltr'><strong>nisi</strong></span> <span class='ocrx_word' id='word_1_282' title='bbox 1087 3583 1162 3625; x_wconf 90' lang='lat' dir='ltr'><strong>cum</strong></span> <span class='ocrx_word' id='word_1_283' title='bbox 1184 3553 1254 3617; x_wconf 90' lang='lat' dir='ltr'><strong>aliis</strong></span> <span class='ocrx_word' id='word_1_284' title='bbox 1277 3566 1328 3608; x_wconf 86' lang='lat' dir='ltr'><strong>un·</strong></span> 
     </span>
     <span class='ocr_line' id='line_1_38' title="bbox 232 3643 1326 3729; baseline -0.016 -22"><span class='ocrx_word' id='word_1_285' title='bbox 232 3643 338 3708; x_wconf 87' lang='lat' dir='ltr'><strong>decim</strong></span> <span class='ocrx_word' id='word_1_286' title='bbox 357 3647 520 3708; x_wconf 81' lang='lat' dir='ltr'><strong>evidentia</strong></span> <span class='ocrx_word' id='word_1_287' title='bbox 539 3645 731 3729; x_wconf 87' lang='lat' dir='ltr'><strong>praebuerit</strong></span> <span class='ocrx_word' id='word_1_288' title='bbox 752 3656 960 3722; x_wconf 85' lang='lat' dir='ltr'><strong>sacramenta,</strong></span> <span class='ocrx_word' id='word_1_289' title='bbox 982 3647 1100 3729; x_wconf 87' lang='lat' dir='ltr'><strong>quibus</strong></span> <span class='ocrx_word' id='word_1_290' title='bbox 1119 3643 1254 3706; x_wconf 85' lang='lat' dir='ltr'><strong>affirmet</strong></span> <span class='ocrx_word' id='word_1_291' title='bbox 1269 3645 1326 3720; x_wconf 74' lang='lat' dir='ltr'><strong>sese</strong></span> 
     </span>
    </p>

    <p class='ocr_par' dir='ltr' id='par_1_9' title="bbox 232 3723 1410 3896">
     <span class='ocr_line' id='line_1_39' title="bbox 232 3723 1410 3813; baseline -0.007 -22"><span class='ocrx_word' id='word_1_292' title='bbox 232 3751 273 3791; x_wconf 89' lang='lat' dir='ltr'><strong>eo</strong></span> <span class='ocrx_word' id='word_1_293' title='bbox 294 3739 457 3812; x_wconf 90' lang='lat' dir='ltr'><strong>tempore,</strong></span> <span class='ocrx_word' id='word_1_294' title='bbox 480 3751 546 3813; x_wconf 92' lang='lat' dir='ltr'><strong>quo</strong></span> <span class='ocrx_word' id='word_1_295' title='bbox 573 3729 635 3811; x_wconf 89' lang='lat' dir='ltr'><strong>ipsi</strong></span> <span class='ocrx_word' id='word_1_296' title='bbox 660 3728 785 3812; x_wconf 89' lang='lat' dir='ltr'><strong>saepius</strong></span> <span class='ocrx_word' id='word_1_297' title='bbox 803 3729 889 3791; x_wconf 91' lang='lat' dir='ltr'><strong>dicta</strong></span> <span class='ocrx_word' id='word_1_298' title='bbox 905 3729 1095 3811; x_wconf 86' lang='lat' dir='ltr'><strong>Aunegildis</strong></span> <span class='ocrx_word' id='word_1_299' title='bbox 1116 3723 1207 3811; x_wconf 87' lang='lat' dir='ltr'><strong>quasi</strong></span> <span class='ocrx_word' id='word_1_300' title='bbox 1232 3728 1325 3778; x_wconf 79' lang='lat' dir='ltr'><strong>uxoris</strong></span> <span class='ocrx_word' id='word_1_301' title='bbox 1405 3758 1410 3808; x_wconf 49' lang='grc' dir='ltr'><strong>1ι</strong></span> 
     </span>
     <span class='ocr_line' id='line_1_40' title="bbox 233 3797 1408 3896; baseline -0.009 -24"><span class='ocrx_word' id='word_1_302' title='bbox 233 3811 304 3874; x_wconf 91' lang='lat' dir='ltr'><strong>iure</strong></span> <span class='ocrx_word' id='word_1_303' title='bbox 323 3814 497 3875; x_wconf 88' lang='lat' dir='ltr'><strong>coniuncta</strong></span> <span class='ocrx_word' id='word_1_304' title='bbox 521 3821 570 3874; x_wconf 90' lang='lat' dir='ltr'><strong>est</strong></span> <span class='ocrx_word' id='word_1_305' title='bbox 597 3817 641 3890; x_wconf 85' lang='lat' dir='ltr'><strong>n),</strong></span> <span class='ocrx_word' id='word_1_306' title='bbox 664 3812 825 3896; x_wconf 81' lang='lat' dir='ltr'><strong>ignorasse</strong></span> <span class='ocrx_word' id='word_1_307' title='bbox 848 3813 938 3896; x_wconf 87' lang='lat' dir='ltr'><strong>quod</strong></span> <span class='ocrx_word' id='word_1_308' title='bbox 963 3811 1171 3895; x_wconf 86' lang='lat' dir='ltr'><strong>Fredegiselo</strong></span> <span class='ocrx_word' id='word_1_309' title='bbox 1198 3797 1325 3866; x_wconf 80' lang='lat' dir='ltr'><strong>iamfue·</strong></span> <span class='ocrx_word' id='word_1_310' title='bbox 1405 3811 1408 3830; x_wconf 39' lang='lat'><strong>&#39;⁸</strong></span> 
     </span>
    </p>
   </div>
   <div class='ocr_carea' id='block_1_7' title="bbox 233 4035 1323 4344">
    <p class='ocr_par' dir='ltr' id='par_1_10' title="bbox 233 4035 1323 4344">
     <span class='ocr_line' id='line_1_41' title="bbox 301 4035 1320 4133; baseline -0.018 -20"><span class='ocrx_word' id='word_1_311' title='bbox 301 4061 396 4131; x_wconf 62' lang='lat' dir='ltr'><strong>hybl.</strong></span> <span class='ocrx_word' id='word_1_312' title='bbox 415 4077 474 4114; x_wconf 86' lang='lat' dir='ltr'><strong>mss.</strong></span> <span class='ocrx_word' id='word_1_313' title='bbox 492 4077 647 4131; x_wconf 81' lang='lat' dir='ltr'><strong>germanas.</strong></span> <span class='ocrx_word' id='word_1_314' title='bbox 718 4059 741 4130; x_wconf 82' lang='lat' dir='ltr'><strong>i)</strong></span> <span class='ocrx_word' id='word_1_315' title='bbox 759 4061 803 4112; x_wconf 80' lang='lat' dir='ltr'><strong>Al.</strong></span> <span class='ocrx_word' id='word_1_316' title='bbox 824 4077 885 4112; x_wconf 84' lang='lat' dir='ltr'><strong>mss.</strong></span> <span class='ocrx_word' id='word_1_317' title='bbox 896 4059 996 4133; x_wconf 81' lang='lat' dir='ltr'><strong>frater</strong></span> <span class='ocrx_word' id='word_1_318' title='bbox 1018 4078 1083 4111; x_wconf 78' lang='lat' dir='ltr'><strong>suus</strong></span> <span class='ocrx_word' id='word_1_319' title='bbox 1107 4057 1184 4110; x_wconf 77' lang='lat' dir='ltr'><strong>heres</strong></span> <span class='ocrx_word' id='word_1_320' title='bbox 1208 4035 1320 4132; x_wconf 64' lang='lat' dir='ltr'><strong>accedat·</strong></span> 
     </span>
     <span class='ocr_line' id='line_1_42' title="bbox 233 4122 1313 4204; baseline -0.012 -17"><span class='ocrx_word' id='word_1_321' title='bbox 233 4131 324 4202; x_wconf 78' lang='lat' dir='ltr'><strong>t)A1.</strong></span> <span class='ocrx_word' id='word_1_322' title='bbox 350 4134 498 4186; x_wconf 80' lang='lat' dir='ltr'><strong>iusserunt.</strong></span> <span class='ocrx_word' id='word_1_323' title='bbox 568 4131 652 4204; x_wconf 78' lang='lat' dir='ltr'><strong>1)Al.</strong></span> <span class='ocrx_word' id='word_1_324' title='bbox 679 4149 738 4184; x_wconf 87' lang='lat' dir='ltr'><strong>mss.</strong></span> <span class='ocrx_word' id='word_1_325' title='bbox 763 4147 894 4203; x_wconf 81' lang='lat' dir='ltr'><strong>praesens</strong></span> <span class='ocrx_word' id='word_1_326' title='bbox 907 4131 1027 4200; x_wconf 81' lang='lat' dir='ltr'><strong>facinus</strong></span> <span class='ocrx_word' id='word_1_327' title='bbox 1051 4132 1233 4199; x_wconf 75' lang='lat' dir='ltr'><strong>praecaveret.</strong></span> <span class='ocrx_word' id='word_1_328' title='bbox 1282 4122 1313 4191; x_wconf 43' lang='lat' dir='ltr'><strong>,m</strong></span> 
     </span>
     <span class='ocr_line' id='line_1_43' title="bbox 233 4185 1323 4270; baseline 0 -15"><span class='ocrx_word' id='word_1_329' title='bbox 233 4205 278 4255; x_wconf 86' lang='lat' dir='ltr'><strong>Al.</strong></span> <span class='ocrx_word' id='word_1_330' title='bbox 298 4221 344 4254; x_wconf 81' lang='lat' dir='ltr'><strong>ms.</strong></span> <span class='ocrx_word' id='word_1_331' title='bbox 375 4189 549 4256; x_wconf 78' lang='lat' dir='ltr'><strong>Battbariwdi</strong></span> <span class='ocrx_word' id='word_1_332' title='bbox 580 4215 672 4255; x_wconf 81' lang='lat' dir='ltr'><strong>notam</strong></span> <span class='ocrx_word' id='word_1_333' title='bbox 697 4202 841 4255; x_wconf 79' lang='lat' dir='ltr'><strong>concurrit</strong></span> <span class='ocrx_word' id='word_1_334' title='bbox 870 4201 1011 4270; x_wconf 80' lang='lat' dir='ltr'><strong>atqueob</strong></span> <span class='ocrx_word' id='word_1_335' title='bbox 1039 4201 1099 4254; x_wconf 80' lang='lat' dir='ltr'><strong>hoc.</strong></span> <span class='ocrx_word' id='word_1_336' title='bbox 1170 4193 1201 4260; x_wconf 65' lang='grc' dir='ltr'><strong>η)</strong></span> <span class='ocrx_word' id='word_1_337' title='bbox 1219 4185 1260 4243; x_wconf 63' lang='lat' dir='ltr'><strong>Al·</strong></span> <span class='ocrx_word' id='word_1_338' title='bbox 1276 4188 1323 4248; x_wconf 43' lang='grc' dir='ltr'><strong>Ψ(</strong></span> 
     </span>
     <span class='ocr_line' id='line_1_44' title="bbox 233 4271 927 4344; baseline 0.003 -21"><span class='ocrx_word' id='word_1_339' title='bbox 233 4275 341 4342; x_wconf 80' lang='lat' dir='ltr'><strong>saepius</strong></span> <span class='ocrx_word' id='word_1_340' title='bbox 361 4271 451 4328; x_wconf 81' lang='lat' dir='ltr'><strong>dictae</strong></span> <span class='ocrx_word' id='word_1_341' title='bbox 471 4273 625 4344; x_wconf 81' lang='lat' dir='ltr'><strong>Aunegildi</strong></span> <span class='ocrx_word' id='word_1_342' title='bbox 644 4300 674 4312; x_wconf 89' lang='lat'><strong>·-</strong></span> <span class='ocrx_word' id='word_1_343' title='bbox 695 4273 858 4328; x_wconf 73' lang='lat' dir='ltr'><strong>corrinnctns</strong></span> <span class='ocrx_word' id='word_1_344' title='bbox 878 4283 927 4325; x_wconf 79' lang='lat' dir='ltr'><strong>est.</strong></span> 
     </span>
    </p>
   </div>
   <div class='ocr_carea' id='block_1_8' title="bbox 0 0 1454 5016">
    <p class='ocr_par' dir='ltr' id='par_1_11' title="bbox 0 0 1454 5016">
     <span class='ocr_line' id='line_1_45' title="bbox 0 0 1454 5016; baseline 0 0"><span class='ocrx_word' id='word_1_345' title='bbox 0 0 1454 5016; x_wconf 95' lang='lat' dir='ltr'><strong> </strong></span> 
     </span>
    </p>
   </div>
  </div>
 </body>
</html>
