2876 4992
399 257 502 314 rems
520 257 764 314 ripuariorum
783 258 853 314 rm
873 260 1008 317 xxxvu.
1188 247 1276 323 1752

142 398 253 464 tivitns
274 396 344 460 eins
362 397 444 476 fuit,
467 399 510 458 ita
537 407 760 480 componatur.
801 399 836 462 si
856 421 985 478 servus,
1006 403 1090 465 siout
1112 413 1287 475 sacramur

143 486 186 545 si*
203 481 311 564 regius
336 492 392 542 aut
414 481 670 558 ecclesiasticus,
699 483 780 543 siout
803 483 902 544 alium
920 486 1046 565 regium
1071 498 1125 548 ant
1149 493 1259 552 socie·-
1280 537 1284 547 .,

142 565 309 628 siasticnm
325 573 381 642 y).
426 564 579 640 stritus,
609 564 694 624 sicut
717 565 821 630 litum.
866 565 901 627 Si
928 566 1030 647 liber,
1050 569 1135 632 sicut
1157 573 1286 640 atium-,f=

143 649 326 731 ingenuum
345 669 419 708 cum
442 647 589 707 ducentis
616 645 927 731 solidis-componat.
973 695 976 702 .
1203 699 1206 709 ,,

225 729 288 795 VI.
331 731 365 790 Si
387 729 459 812 quis
473 728 713 790 subdiaconum
728 729 947 808 interfecerit,
968 723 1196 822 quadragintud
1207 729 1256 801 ἐο-

144 812 231 876 lidos
245 820 429 896 componat.
454 832 471 872 z
473 819 495 884 )
876 825 877 830 ’
1257 843 1258 848 ¹

229 897 304 958 Vll.
345 896 380 954 si
403 893 476 975 quis
499 890 680 954 Diaconum
708 890 929 972 interfecerit,
959 894 1159 981 quingentos
1181 901 1260 968 soli<

144 978 206 1041 dos
233 986 412 1058 componat.
429 983 479 1048 u)

228 1061 336 1124 vlu.-
365 1060 400 1121 si
418 1059 491 1141 quis
507 1047 734 1142 Presiyterum
749 1055 928 1142 ingenuum
947 1055 1167 1143 interfecerit,
1186 1085 1260 1126 sex·
1296 1133 1302 1138 ,

145 1151 260 1207 centos
281 1143 400 1206 solidos
417 1149 597 1220 componat.
1180 1159 1184 1178 ⁵

229 1229 282 1287 lx.
325 1225 361 1286 Si
388 1224 460 1309 quis
484 1225 681 1308 Episcopum
704 1221 906 1284 interfecerit
929 1233 1110 1318 nopgentos
1133 1226 1258 1294 solidos.

145 1329 218 1372 corn
242 1313 329 1370 onat.

213 1331 268 1452 -PX.
311 1389 441 1472 Siquis
465 1396 591 1472 partum
615 1384 648 1447 in
674 1387 795 1450 femina
815 1385 1033 1467 interfecerit,
1061 1412 1119 1452 sen
1146 1402 1258 1454 natum

145 1474 334 1558 prinsquam
351 1493 469 1534 nomen
492 1471 624 1548 habeat,
647 1480 777 1533 centnm
802 1471 914 1532 solidis
938 1473 1108 1555 culpabilis
1133 1476 1260 1537 iudice-

147 1567 211 1624 tur.
254 1555 351 1635 Quod
375 1555 401 1616 si
423 1563 556 1616 matrem
582 1575 656 1618 oum
680 1563 775 1639 partu
804 1555 1021 1635 interfecerit,
1045 1558 1258 1642 septingentis

147 1640 260 1703 solidis
284 1640 322 1712 h)
343 1639 508 1704 muitetur.
1279 1707 1281 1716 γ

230 1723 282 1782 Xf.
325 1721 358 1780 Si
380 1719 453 1802 quis
473 1718 691 1802 weregeldum
714 1717 839 1782 solvere
863 1717 979 1798 debet,
1001 1719 1118 1784 hovem
1135 1745 1256 1784 coruu-

147 1815 217 1868 tum
238 1803 403 1865 videntem
427 1813 457 1864 et
476 1823 588 1864 sanum
607 1824 666 1886 pro
690 1802 815 1866 duobus
835 1803 946 1864 solidis
970 1803 1105 1881 tribnat,
1128 1827 1257 1868 vaccam

147 1896 317 1950 cornutam
332 1885 495 1948 videntem
515 1894 548 1945 et
572 1907 679 1944 sanam
696 1907 755 1969 pro
776 1906 840 1944 uno
859 1886 962 1946 solido
980 1887 1118 1966 tribuat,
1136 1910 1257 1970 equum
1290 1923 1294 1930 ·

148 1971 315 2035 videntem
338 1976 370 2028 et
390 1989 503 2028 sanum
528 1988 588 2048 pro
616 1989 673 2028 sex
698 1967 808 2028 solidis
833 1969 970 2045 tribuat,
1001 1990 1116 2050 equam
1140 1972 1258 2031 videu-

148 2063 215 2115 tem
239 2062 271 2113 et
288 2073 397 2111 sanam
418 2072 476 2132 pro
507 2050 608 2112 trihus
633 2049 744 2111 solidis
773 2051 910 2128 tribuat,
941 2061 1061 2133 spatam
1085 2074 1159 2113 cnm
1184 2075 1258 2114 sco-

148 2137 216 2219 gilo
242 2143 282 2207 e)
307 2153 365 2216 pro
391 2144 513 2214 septem
541 2133 652 2196 solidis
678 2133 814 2208 tribuat,
843 2143 963 2214 spatam
990 2134 1108 2215 absque
1134 2135 1255 2217 scogilo

147 2239 208 2300 pro
228 2215 332 2277 tribus
349 2215 615 2292 solidis'tribuat,
635 2215 785 2275 bruniam
807 2216 923 2274 honam
939 2237 997 2298 pro
1017 2217 1190 2278 duodecim
1202 2240 1257 2280 so-

146 2300 223 2362 lidis
252 2298 387 2375 tribuat,
410 2297 555 2358 helmum
581 2321 656 2360 cum
686 2297 808 2358 directo
837 2297 879 2370 d)
901 2320 959 2378 pro
979 2320 1035 2359 sex
1060 2300 1172 2360 solidis
1195 2301 1256 2360 tri-

147 2383 243 2458 buat,
263 2380 451 2461 bainhergas
475 2388 514 2452 e)
539 2381 639 2442 bonas
664 2401 722 2460 pro
745 2401 801 2440 sex
828 2381 939 2442 solidis
965 2381 1103 2460 tribuat,
1128 2392 1257 2444 scutum

149 2487 223 2526 cum
241 2464 353 2524 lancea
376 2484 434 2544 pro
454 2463 578 2525 duobus
599 2462 710 2524 solidis
729 2461 872 2538 tribuat,
888 2472 1088 2544 acceptorem
1109 2486 1174 2525 non
1186 2465 1256 2528 ¹‹lo-

148 2547 261 2608 mitum
284 2567 344 2628 pro
372 2544 474 2606 tribus
500 2547 610 2608 solidis
639 2542 758 2607 t'rihnat
778 2553 1012 2620 (commorsum
1032 2547 1196 2626 gruarium
1207 2547 1257 2628 f)

148 2650 209 2712 pro
231 2649 286 2688 sex
309 2627 421 2688 solidis
449 2628 586 2707 tribnat,
605 2636 806 2712 acceptorem
833 2637 989 2688 mutatum
1008 2649 1067 2710 pro
1083 2628 1256 2690 duodecim

149 2709 260 2771 solidis
281 2710 410 2770 tribuat.
1228 2775 1229 2780 χ

173 2783 178 2790 ’
231 2788 307 2857 ΧΗ.
348 2792 490 2870 Quodsi
514 2801 560 2873 g)
575 2814 650 2866 cum
671 2802 803 2874 argento
831 2791 956 2853 solvere
975 2792 1164 2874 contigerit,
1191 2814 1253 2876 pro

144 2871 252 2938 solido
274 2875 443 2936 duodecim
469 2875 636 2954 denarios,
665 2876 747 2936 sicut
770 2875 946 2956 antiquitus
965 2884 1013 2936 est
1036 2875 1254 2942 constitutum.

214 2993 302 3062 ΤΙΤ.
330 2992 656 3078 XXXV11.(39.)
705 2993 762 3063 De
789 2995 933 3066 dotibus
958 2995 1165 3062 mulierum.

165 3141 167 3148 ¹
228 3113 254 3173 Ι.
295 3112 331 3172 Si
362 3112 434 3194 quis
461 3113 629 3174 mulierem
656 3113 918 3195 desponsaverit,
947 3113 1106 3195 quicquid
1134 3115 1165 3175 ei
1192 3139 1253 3199 per

144 3194 326 3256 tabularum
350 3217 407 3256 seu
432 3195 613 3256 chartarum
643 3195 854 3256 instrumenta
876 3197 1123 3280 conscripserit,
1139 3220 1267 3284 perpe·¹

143 3278 277 3340 tnaliter
295 3279 523 3340 inconvulsum
543 3287 736 3363 permaneat.

226 3360 268 3424 ll.
309 3360 344 3420 Si
368 3371 474 3422 autem
499 3382 558 3444 per
585 3361 700 3422 seriem
724 3359 953 3440 scripturarum
975 3358 1005 3421 ei
1032 3361 1115 3422 nihil
1140 3370 1254 3424 contu·

143 3437 238 3519 ierit,
259 3442 287 3506 si
311 3441 418 3504 virum
437 3442 672 3524 supervixerit,
694 3443 928 3523 quinquaginta
946 3443 1065 3506 solidos
1086 3445 1120 3504 in
1143 3445 1252 3507 dotem

142 3523 346 3616 fe)recipiat,
369 3535 401 3588 et
420 3527 546 3589 tertiam
561 3535 685 3611 partem
705 3525 745 3586 de
763 3527 851 3584 omni
868 3546 924 3605 re,
946 3546 1043 3609 quam
1064 3527 1161 3590 simul
1176 3549 1253 3591 con·

141 3663 578 3686 *vm-

207 3723 252 3784 J)
272 3721 339 3780 Mea.
366 3729 396 3774 et
422 3721 540 3790 sangall.
564 3721 725 3774 stauratius
747 3720 948 3776 ecclesiasticus
972 3723 1016 3776 vel
1035 3724 1127 3794 regius
1145 3719 1252 3780 liberti·

142 3802 202 3840 mu.
212 3790 483 3848 Heroidsicutalius
494 3793 585 3862 regius
601 3803 650 3844 aut
668 3793 877 3844 ecclesiasticus.
931 3790 958 3862 z)
977 3791 1104 3845 Corbion.
1114 3797 1189 3848 CCC.
1198 3799 1252 3854 sol.

141 3857 214 3926 culp,
235 3859 294 3918 iud.
348 3869 387 3924 a)
406 3862 532 3914 Corbion.
562 3863 662 3915 CCCC.
690 3863 739 3914 sol.
767 3863 903 3914 multetur.
958 3861 1257 3933 e)Her01d.Dccc;·

139 3924 221 3979 solid.
275 3929 369 3999 0)A1.
389 3931 474 3986 Codd.
494 3933 601 3998 seoilo;
624 3931 702 3984 roilo.
725 3931 845 3984 Sichard.
863 3932 989 4001 scogillo.
1007 3933 1172 3992 Co'daGeth,
1191 3953 1252 3986 sco·

138 3997 208 4066 gila.
263 3997 300 4078 d)
315 3999 444 4054 'Corbion
465 4000 636 4056 conderecto.
655 3999 736 4054 Goth.
756 4003 843 4053 fralmo
867 4000 1021 4054 condricta,
1045 4003 1099 4054 Til,
1115 4020 1167 4075 pro
1186 3999 1262 4055 oon-1·

138 4063 260 4145 derecto.
319 4067 352 4141 e)
376 4072 458 4125 Goth.
484 4073 664 4144 haimbergas.
714 4073 757 4140 f)
781 4071 887 4122 Desunt
911 4072 941 4123 in
967 4071 1060 4126 Guelf.
1079 4083 1109 4128 et
1134 4073 1164 4126 in
1185 4072 1251 4128 adit.

138 4135 295 4268 lbpndeplbr}
341 4141 385 4212 g)
408 4144 501 4214 Caput
527 4141 599 4196 illud
623 4141 654 4196 in
679 4142 744 4196 edit.
765 4138 959 4210 lindenbrogii
987 4142 1071 4196 deest.
1125 4141 1167 4214 h)
1187 4135 1263 4197 Cor·¹¹

171 4221 216 4258 on.
255 4227 273 4262 u
293 4223 318 4270 ee
1119 4243 1123 4257 ·
