<?xml version="1.0" encoding="UTF-8"?>
<!DOCTYPE html PUBLIC "-//W3C//DTD XHTML 1.0 Transitional//EN"
    "http://www.w3.org/TR/xhtml1/DTD/xhtml1-transitional.dtd">
<html xmlns="http://www.w3.org/1999/xhtml" xml:lang="en" lang="en">
 <head>
  <title>
</title>
<meta http-equiv="Content-Type" content="text/html;charset=utf-8" />
  <meta name='ocr-system' content='tesseract 3.04.00' />
  <meta name='ocr-capabilities' content='ocr_page ocr_carea ocr_par ocr_line ocrx_word'/>
</head>
<body>
  <div class='ocr_page' id='page_1' title='image "./corpusiurisgerm02visigoog/corpusiurisgerm02visigoog_0277.png"; bbox 0 0 2906 5008; ppageno 0'>
   <div class='ocr_carea' id='block_1_1' title="bbox 226 297 1150 408">
    <p class='ocr_par' dir='ltr' id='par_1_1' title="bbox 226 297 1150 408">
     <span class='ocr_line' id='line_1_1' title="bbox 226 297 1150 408; baseline -0.001 -35"><span class='ocrx_word' id='word_1_1' title='bbox 226 297 304 404; x_wconf 64' lang='lat' dir='ltr'>ott</span> <span class='ocrx_word' id='word_1_2' title='bbox 419 315 524 372; x_wconf 80' lang='lat' dir='ltr'>neers</span> <span class='ocrx_word' id='word_1_3' title='bbox 543 317 821 394; x_wconf 78' lang='lat' dir='ltr'>m1ovsniornn</span> <span class='ocrx_word' id='word_1_4' title='bbox 839 318 912 374; x_wconf 84' lang='lat' dir='ltr'>rrr.</span> <span class='ocrx_word' id='word_1_5' title='bbox 932 319 985 408; x_wconf 81' lang='lat' dir='ltr'>nr.</span> <span class='ocrx_word' id='word_1_6' title='bbox 1006 319 1083 372; x_wconf 79' lang='lat' dir='ltr'>cm</span> <span class='ocrx_word' id='word_1_7' title='bbox 1102 320 1150 374; x_wconf 78' lang='lat' dir='ltr'>m</span> 
     </span>
    </p>
   </div>
   <div class='ocr_carea' id='block_1_2' title="bbox 221 457 1345 631">
    <p class='ocr_par' dir='ltr' id='par_1_2' title="bbox 221 457 1345 631">
     <span class='ocr_line' id='line_1_2' title="bbox 224 457 1345 550; baseline -0.004 -25"><span class='ocrx_word' id='word_1_8' title='bbox 224 484 327 550; x_wconf 74' lang='lat' dir='ltr'>geum</span> <span class='ocrx_word' id='word_1_9' title='bbox 350 457 558 538; x_wconf 69' lang='lat' dir='ltr'>ascensionis,</span> <span class='ocrx_word' id='word_1_10' title='bbox 581 467 613 520; x_wconf 87' lang='lat' dir='ltr'>et</span> <span class='ocrx_word' id='word_1_11' title='bbox 634 459 691 522; x_wconf 85' lang='lat' dir='ltr'>ille</span> <span class='ocrx_word' id='word_1_12' title='bbox 713 460 854 541; x_wconf 85' lang='lat' dir='ltr'><strong>desuper</strong></span> <span class='ocrx_word' id='word_1_13' title='bbox 879 458 980 546; x_wconf 79' lang='lat' dir='ltr'>fuerit</span> <span class='ocrx_word' id='word_1_14' title='bbox 1005 460 1163 536; x_wconf 74' lang='lat' dir='ltr'>relictus,</span> <span class='ocrx_word' id='word_1_15' title='bbox 1190 459 1281 543; x_wconf 87' lang='lat' dir='ltr'>qnod</span> <span class='ocrx_word' id='word_1_16' title='bbox 1308 461 1345 522; x_wconf 83' lang='lat' dir='ltr'>i‘n</span> 
     </span>
     <span class='ocr_line' id='line_1_3' title="bbox 221 542 1141 631; baseline -0.003 -24"><span class='ocrx_word' id='word_1_17' title='bbox 221 556 358 631; x_wconf 68' lang='lat' dir='ltr'>unnp&#39;sn</span> <span class='ocrx_word' id='word_1_18' title='bbox 381 545 512 621; x_wconf 86' lang='lat' dir='ltr'>dicunt,</span> <span class='ocrx_word' id='word_1_19' title='bbox 535 565 609 603; x_wconf 89' lang='lat' dir='ltr'>cum</span> <span class='ocrx_word' id='word_1_20' title='bbox 633 542 805 604; x_wconf 83' lang='lat' dir='ltr'><strong>duodecim</strong></span> <span class='ocrx_word' id='word_1_21' title='bbox 826 542 938 604; x_wconf 86' lang='lat' dir='ltr'>solidis</span> <span class='ocrx_word' id='word_1_22' title='bbox 960 553 1141 626; x_wconf 77' lang='lat' dir='ltr'>componet.</span> 
     </span>
    </p>
   </div>
   <div class='ocr_carea' id='block_1_3' title="bbox 478 657 1072 742">
    <p class='ocr_par' dir='ltr' id='par_1_3' title="bbox 478 657 1072 742">
     <span class='ocr_line' id='line_1_4' title="bbox 478 657 1072 742; baseline -0.002 -23"><span class='ocrx_word' id='word_1_23' title='bbox 478 659 554 723; x_wconf 70' lang='lat' dir='ltr'>Cur.</span> <span class='ocrx_word' id='word_1_24' title='bbox 577 657 619 725; x_wconf 87' lang='lat' dir='ltr'>V.</span> <span class='ocrx_word' id='word_1_25' title='bbox 663 657 766 718; x_wconf 86' lang='lat' dir='ltr'>Dein</span> <span class='ocrx_word' id='word_1_26' title='bbox 790 658 892 736; x_wconf 80' lang='lat' dir='ltr'><em>ignem</em></span> <span class='ocrx_word' id='word_1_27' title='bbox 908 659 1072 742; x_wconf 87' lang='lat' dir='ltr'>proiectis.</span> 
     </span>
    </p>
   </div>
   <div class='ocr_carea' id='block_1_4' title="bbox 218 771 1342 948">
    <p class='ocr_par' dir='ltr' id='par_1_4' title="bbox 218 771 1342 948">
     <span class='ocr_line' id='line_1_5' title="bbox 304 771 1342 863; baseline 0.001 -24"><span class='ocrx_word' id='word_1_28' title='bbox 304 773 461 839; x_wconf 77' lang='lat' dir='ltr'>Similiter</span> <span class='ocrx_word' id='word_1_29' title='bbox 481 773 539 856; x_wconf 88' lang='lat' dir='ltr'>qni</span> <span class='ocrx_word' id='word_1_30' title='bbox 561 773 595 833; x_wconf 91' lang='lat' dir='ltr'>in</span> <span class='ocrx_word' id='word_1_31' title='bbox 616 771 726 856; x_wconf 84' lang='lat' dir='ltr'>ignem</span> <span class='ocrx_word' id='word_1_32' title='bbox 745 771 953 856; x_wconf 76' lang='lat' dir='ltr'>impinxerit,</span> <span class='ocrx_word' id='word_1_33' title='bbox 977 775 1021 834; x_wconf 85' lang='lat' dir='ltr'>ite</span> <span class='ocrx_word' id='word_1_34' title='bbox 1042 783 1078 836; x_wconf 88' lang='lat' dir='ltr'>nt</span> <span class='ocrx_word' id='word_1_35' title='bbox 1099 773 1224 836; x_wconf 78' lang='lat' dir='ltr'>flemma</span> <span class='ocrx_word' id='word_1_36' title='bbox 1240 799 1342 863; x_wconf 86' lang='lat' dir='ltr'>super</span> 
     </span>
     <span class='ocr_line' id='line_1_6' title="bbox 218 856 1183 948; baseline -0.001 -25"><span class='ocrx_word' id='word_1_37' title='bbox 218 870 322 948; x_wconf 63' lang='lat' dir='ltr'>cpput</span> <span class='ocrx_word' id='word_1_38' title='bbox 339 859 491 936; x_wconf 78' lang='lat' dir='ltr'>emineat,</span> <span class='ocrx_word' id='word_1_39' title='bbox 513 879 588 919; x_wconf 85' lang='lat' dir='ltr'>curu</span> <span class='ocrx_word' id='word_1_40' title='bbox 617 856 789 918; x_wconf 81' lang='lat' dir='ltr'>duodecim</span> <span class='ocrx_word' id='word_1_41' title='bbox 815 857 927 918; x_wconf 80' lang='lat' dir='ltr'>solidis</span> <span class='ocrx_word' id='word_1_42' title='bbox 949 870 1123 941; x_wconf 78' lang='lat' dir='ltr'>componat</span> <span class='ocrx_word' id='word_1_43' title='bbox 1143 871 1183 936; x_wconf 80' lang='lat' dir='ltr'>e).</span> 
     </span>
    </p>
   </div>
   <div class='ocr_carea' id='block_1_5' title="bbox 504 971 1058 1053">
    <p class='ocr_par' dir='ltr' id='par_1_5' title="bbox 504 971 1058 1053">
     <span class='ocr_line' id='line_1_7' title="bbox 504 971 1058 1053; baseline 0.004 -19"><span class='ocrx_word' id='word_1_44' title='bbox 504 972 581 1034; x_wconf 76' lang='lat' dir='ltr'>Cir.</span> <span class='ocrx_word' id='word_1_45' title='bbox 601 972 659 1036; x_wconf 85' lang='lat' dir='ltr'>Vl.</span> <span class='ocrx_word' id='word_1_46' title='bbox 699 971 749 1032; x_wconf 83' lang='lat' dir='ltr'>De</span> <span class='ocrx_word' id='word_1_47' title='bbox 767 974 881 1053; x_wconf 79' lang='lat' dir='ltr'>sagitta</span> <span class='ocrx_word' id='word_1_48' title='bbox 903 973 1058 1036; x_wconf 79' lang='lat' dir='ltr'>toxicato.</span> 
     </span>
    </p>
   </div>
   <div class='ocr_carea' id='block_1_6' title="bbox 218 1087 1340 1259">
    <p class='ocr_par' dir='ltr' id='par_1_6' title="bbox 218 1087 1340 1259">
     <span class='ocr_line' id='line_1_8' title="bbox 301 1087 1340 1174; baseline -0.004 -18"><span class='ocrx_word' id='word_1_49' title='bbox 301 1092 337 1156; x_wconf 80' lang='lat' dir='ltr'>Si</span> <span class='ocrx_word' id='word_1_50' title='bbox 366 1089 535 1174; x_wconf 86' lang='lat' dir='ltr'>quiscum</span> <span class='ocrx_word' id='word_1_51' title='bbox 557 1087 696 1152; x_wconf 75' lang='lat' dir='ltr'>toxicata</span> <span class='ocrx_word' id='word_1_52' title='bbox 723 1089 837 1171; x_wconf 81' lang='lat' dir='ltr'>sagitte</span> <span class='ocrx_word' id='word_1_53' title='bbox 859 1087 958 1149; x_wconf 82' lang='lat' dir='ltr'>elicui</span> <span class='ocrx_word' id='word_1_54' title='bbox 989 1087 1180 1174; x_wconf 81' lang='lat' dir='ltr'>sangninem</span> <span class='ocrx_word' id='word_1_55' title='bbox 1201 1090 1340 1172; x_wconf 75' lang='lat' dir='ltr'>fuderit,</span> 
     </span>
     <span class='ocr_line' id='line_1_9' title="bbox 218 1170 1340 1259; baseline -0.051 -20"><span class='ocrx_word' id='word_1_56' title='bbox 218 1198 296 1252; x_wconf 78' lang='lat' dir='ltr'>cum</span> <span class='ocrx_word' id='word_1_57' title='bbox 324 1171 500 1237; x_wconf 79' lang='lat' dir='ltr'>duodecim</span> <span class='ocrx_word' id='word_1_58' title='bbox 527 1170 640 1234; x_wconf 84' lang='lat' dir='ltr'>solidis</span> <span class='ocrx_word' id='word_1_59' title='bbox 668 1181 856 1256; x_wconf 82' lang='lat' dir='ltr'>componat,</span> <span class='ocrx_word' id='word_1_60' title='bbox 886 1175 1055 1256; x_wconf 86' lang='lat' dir='ltr'>(eoquod</span> <span class='ocrx_word' id='word_1_61' title='bbox 1084 1173 1119 1234; x_wconf 91' lang='lat' dir='ltr'>iu</span> <span class='ocrx_word' id='word_1_62' title='bbox 1137 1195 1275 1236; x_wconf 66' lang='lat' dir='ltr'>unuuan</span> <span class='ocrx_word' id='word_1_63' title='bbox 1287 1175 1340 1259; x_wconf 63' lang='lat' dir='ltr'>s).</span> 
     </span>
    </p>
   </div>
   <div class='ocr_carea' id='block_1_7' title="bbox 220 1262 1083 1454">
    <p class='ocr_par' dir='ltr' id='par_1_7' title="bbox 220 1262 1083 1454">
     <span class='ocr_line' id='line_1_10' title="bbox 241 1269 336 1326; baseline -0.053 -1"><span class='ocrx_word' id='word_1_64' title='bbox 241 1269 269 1326; x_wconf 80' lang='lat' dir='ltr'>ct</span> <span class='ocrx_word' id='word_1_65' title='bbox 328 1302 336 1320; x_wconf 90' lang='lat'><strong>.</strong></span> 
     </span>
     <span class='ocr_line' id='line_1_11' title="bbox 220 1262 1083 1454; baseline -0.002 -20"><span class='ocrx_word' id='word_1_66' title='bbox 220 1282 240 1330; x_wconf 70' lang='lat'>‘⁴</span> <span class='ocrx_word' id='word_1_67' title='bbox 286 1262 326 1340; x_wconf 63' lang='lat' dir='ltr'>g)</span> <span class='ocrx_word' id='word_1_68' title='bbox 457 1371 534 1438; x_wconf 76' lang='lat' dir='ltr'>Cir.</span> <span class='ocrx_word' id='word_1_69' title='bbox 555 1367 633 1436; x_wconf 75' lang='lat' dir='ltr'>vti.</span> <span class='ocrx_word' id='word_1_70' title='bbox 675 1369 726 1430; x_wconf 79' lang='lat' dir='ltr'>De</span> <span class='ocrx_word' id='word_1_71' title='bbox 754 1371 884 1454; x_wconf 82' lang='lat' dir='ltr'>potione</span> <span class='ocrx_word' id='word_1_72' title='bbox 909 1369 1083 1453; x_wconf 82' lang='lat' dir='ltr'>mortifera.</span> 
     </span>
    </p>
   </div>
   <div class='ocr_carea' id='block_1_8' title="bbox 109 1466 1334 1754">
    <p class='ocr_par' dir='ltr' id='par_1_8' title="bbox 109 1466 1334 1754">
     <span class='ocr_line' id='line_1_12' title="bbox 225 1466 1332 1571; baseline 0 -20"><span class='ocrx_word' id='word_1_73' title='bbox 225 1466 245 1511; x_wconf 52' lang='lat'><em>²</em></span> <span class='ocrx_word' id='word_1_74' title='bbox 301 1486 459 1551; x_wconf 77' lang='lat' dir='ltr'>Similiter</span> <span class='ocrx_word' id='word_1_75' title='bbox 484 1487 542 1570; x_wconf 91' lang='lat' dir='ltr'>qui</span> <span class='ocrx_word' id='word_1_76' title='bbox 569 1485 736 1571; x_wconf 91' lang='lat' dir='ltr'>potionem</span> <span class='ocrx_word' id='word_1_77' title='bbox 762 1485 950 1548; x_wconf 89' lang='lat' dir='ltr'>huiusmodi</span> <span class='ocrx_word' id='word_1_78' title='bbox 982 1487 1152 1550; x_wconf 81' lang='lat' dir='ltr'>donaverit</span> <span class='ocrx_word' id='word_1_79' title='bbox 1175 1487 1273 1551; x_wconf 83' lang='lat' dir='ltr'>alicui</span> <span class='ocrx_word' id='word_1_80' title='bbox 1295 1490 1332 1551; x_wconf 86' lang='lat' dir='ltr'>in</span> 
     </span>
     <span class='ocr_line' id='line_1_13' title="bbox 219 1569 1334 1659; baseline 0.002 -26"><span class='ocrx_word' id='word_1_81' title='bbox 219 1592 286 1659; x_wconf 76' lang='lat' dir='ltr'>qno</span> <span class='ocrx_word' id='word_1_82' title='bbox 307 1571 510 1634; x_wconf 85' lang='lat' dir='ltr'>mortiferum</span> <span class='ocrx_word' id='word_1_83' title='bbox 535 1569 826 1649; x_wconf 78' lang='lat' dir='ltr'>esse-dinoscitur,</span> <span class='ocrx_word' id='word_1_84' title='bbox 855 1570 1002 1651; x_wconf 82' lang='lat' dir='ltr'>quamvis</span> <span class='ocrx_word' id='word_1_85' title='bbox 1026 1591 1162 1653; x_wconf 80' lang='lat' dir='ltr'>pervum</span> <span class='ocrx_word' id='word_1_86' title='bbox 1186 1572 1244 1652; x_wconf 89' lang='lat' dir='ltr'>sit,</span> <span class='ocrx_word' id='word_1_87' title='bbox 1277 1583 1334 1635; x_wconf 82' lang='lat' dir='ltr'>unt</span> 
     </span>
     <span class='ocr_line' id='line_1_14' title="bbox 109 1652 1212 1754; baseline 0 -38"><span class='ocrx_word' id='word_1_88' title='bbox 109 1663 111 1668; x_wconf 82' lang='grc'>’</span> <span class='ocrx_word' id='word_1_89' title='bbox 218 1652 368 1754; x_wconf 61' lang='lat' dir='ltr'>dipltum,</span> <span class='ocrx_word' id='word_1_90' title='bbox 389 1654 417 1715; x_wconf 87' lang='lat' dir='ltr'>si</span> <span class='ocrx_word' id='word_1_91' title='bbox 439 1653 585 1732; x_wconf 83' lang='lat' dir='ltr'>evaserit,</span> <span class='ocrx_word' id='word_1_92' title='bbox 608 1675 682 1715; x_wconf 90' lang='lat' dir='ltr'>cum</span> <span class='ocrx_word' id='word_1_93' title='bbox 708 1653 880 1715; x_wconf 88' lang='lat' dir='ltr'>duodecim</span> <span class='ocrx_word' id='word_1_94' title='bbox 898 1653 1010 1714; x_wconf 84' lang='lat' dir='ltr'>solidis</span> <span class='ocrx_word' id='word_1_95' title='bbox 1032 1664 1212 1738; x_wconf 79' lang='lat' dir='ltr'>componat</span> 
     </span>
    </p>
   </div>
   <div class='ocr_carea' id='block_1_9' title="bbox 225 1768 1079 1836">
    <p class='ocr_par' dir='ltr' id='par_1_9' title="bbox 225 1768 1079 1836">
     <span class='ocr_line' id='line_1_15' title="bbox 225 1768 1079 1836; baseline 0.006 -9"><span class='ocrx_word' id='word_1_96' title='bbox 225 1805 252 1836; x_wconf 74' lang='grc'>.(</span> <span class='ocrx_word' id='word_1_97' title='bbox 472 1769 549 1836; x_wconf 71' lang='lat' dir='ltr'>Cer.</span> <span class='ocrx_word' id='word_1_98' title='bbox 570 1768 662 1831; x_wconf 88' lang='lat' dir='ltr'><strong>VIII.</strong></span> <span class='ocrx_word' id='word_1_99' title='bbox 704 1769 754 1831; x_wconf 83' lang='lat' dir='ltr'>De</span> <span class='ocrx_word' id='word_1_100' title='bbox 775 1771 936 1832; x_wconf 72' lang='lat' dir='ltr'>hostiliter</span> <span class='ocrx_word' id='word_1_101' title='bbox 958 1771 1079 1832; x_wconf 87' lang='lat' dir='ltr'>cinctis.</span> 
     </span>
    </p>
   </div>
   <div class='ocr_carea' id='block_1_10' title="bbox 210 1883 1438 2549">
    <p class='ocr_par' dir='ltr' id='par_1_10' title="bbox 210 1883 1438 2549">
     <span class='ocr_line' id='line_1_16' title="bbox 243 1883 1329 1969; baseline 0.001 -21"><span class='ocrx_word' id='word_1_102' title='bbox 243 1949 245 1955; x_wconf 73' lang='grc'>,</span> <span class='ocrx_word' id='word_1_103' title='bbox 299 1883 327 1953; x_wconf 86' lang='lat' dir='ltr'>I.-</span> <span class='ocrx_word' id='word_1_104' title='bbox 370 1885 405 1949; x_wconf 91' lang='lat' dir='ltr'>Si</span> <span class='ocrx_word' id='word_1_105' title='bbox 422 1883 496 1969; x_wconf 87' lang='lat' dir='ltr'>quis</span> <span class='ocrx_word' id='word_1_106' title='bbox 520 1885 660 1948; x_wconf 88' lang='lat' dir='ltr'>liberum</span> <span class='ocrx_word' id='word_1_107' title='bbox 680 1885 792 1948; x_wconf 87' lang='lat' dir='ltr'>hostili</span> <span class='ocrx_word' id='word_1_108' title='bbox 820 1908 919 1947; x_wconf 85' lang='lat' dir='ltr'>manu</span> <span class='ocrx_word' id='word_1_109' title='bbox 943 1886 1102 1965; x_wconf 83' lang='lat' dir='ltr'>cinxerit,</span> <span class='ocrx_word' id='word_1_110' title='bbox 1125 1885 1213 1968; x_wconf 89' lang='lat' dir='ltr'>quod</span> <span class='ocrx_word' id='word_1_111' title='bbox 1234 1886 1329 1949; x_wconf 90' lang='lat' dir='ltr'>heri-</span> 
     </span>
     <span class='ocr_line' id='line_1_17' title="bbox 217 1967 1328 2053; baseline 0.001 -21"><span class='ocrx_word' id='word_1_112' title='bbox 217 1967 300 2033; x_wconf 66' lang='lat' dir='ltr'>ieitd</span> <span class='ocrx_word' id='word_1_113' title='bbox 325 1969 364 2047; x_wconf 75' lang='lat' dir='ltr'>h)</span> <span class='ocrx_word' id='word_1_114' title='bbox 386 1968 510 2047; x_wconf 89' lang='lat' dir='ltr'>dicunt,</span> <span class='ocrx_word' id='word_1_115' title='bbox 533 1969 642 2048; x_wconf 88' lang='lat' dir='ltr'>idest,</span> <span class='ocrx_word' id='word_1_116' title='bbox 664 1991 738 2031; x_wconf 87' lang='lat' dir='ltr'>cum</span> <span class='ocrx_word' id='word_1_117' title='bbox 757 1969 969 2052; x_wconf 81' lang='lat' dir='ltr'>quadraginta</span> <span class='ocrx_word' id='word_1_118' title='bbox 995 1969 1120 2031; x_wconf 86' lang='lat' dir='ltr'>duobus</span> <span class='ocrx_word' id='word_1_119' title='bbox 1141 1969 1170 2047; x_wconf 91' lang='lat' dir='ltr'>i)</span> <span class='ocrx_word' id='word_1_120' title='bbox 1192 1970 1222 2030; x_wconf 90' lang='lat' dir='ltr'>cl</span> <span class='ocrx_word' id='word_1_121' title='bbox 1247 1970 1328 2053; x_wconf 85' lang='lat' dir='ltr'>peis,</span> 
     </span>
     <span class='ocr_line' id='line_1_18' title="bbox 216 1991 1328 2135; baseline 0.001 -21"><span class='ocrx_word' id='word_1_122' title='bbox 216 2051 416 2135; x_wconf 60' lang='lat' dir='ltr'>&amp;sagittam</span> <span class='ocrx_word' id='word_1_123' title='bbox 442 2052 476 2111; x_wconf 92' lang='lat' dir='ltr'>in</span> <span class='ocrx_word' id='word_1_124' title='bbox 501 2057 625 2113; x_wconf 85' lang='lat' dir='ltr'>curtem</span> <span class='ocrx_word' id='word_1_125' title='bbox 650 2053 845 2135; x_wconf 81' lang='lat' dir='ltr'>proiecerit,</span> <span class='ocrx_word' id='word_1_126' title='bbox 868 2062 924 2113; x_wconf 83' lang='lat' dir='ltr'>aut</span> <span class='ocrx_word' id='word_1_127' title='bbox 942 2053 1162 2134; x_wconf 87' lang='lat' dir='ltr'>quodcunque</span> <span class='ocrx_word' id='word_1_128' title='bbox 1187 1991 1328 2115; x_wconf 59' lang='lat' dir='ltr'>tedisium</span> 
     </span>
     <span class='ocr_line' id='line_1_19' title="bbox 215 2135 1328 2220; baseline 0.002 -24"><span class='ocrx_word' id='word_1_129' title='bbox 215 2155 329 2220; x_wconf 81' lang='lat' dir='ltr'>genus,</span> <span class='ocrx_word' id='word_1_130' title='bbox 353 2155 427 2197; x_wconf 88' lang='lat' dir='ltr'>cum</span> <span class='ocrx_word' id='word_1_131' title='bbox 445 2135 657 2218; x_wconf 81' lang='lat' dir='ltr'>quadraginta</span> <span class='ocrx_word' id='word_1_132' title='bbox 675 2135 787 2198; x_wconf 86' lang='lat' dir='ltr'>solidis</span> <span class='ocrx_word' id='word_1_133' title='bbox 808 2145 988 2220; x_wconf 82' lang='lat' dir='ltr'>componat.</span> <span class='ocrx_word' id='word_1_134' title='bbox 1029 2137 1115 2197; x_wconf 87' lang='lat' dir='ltr'>Duci</span> <span class='ocrx_word' id='word_1_135' title='bbox 1137 2155 1215 2196; x_wconf 86' lang='lat' dir='ltr'>vero</span> <span class='ocrx_word' id='word_1_136' title='bbox 1229 2135 1328 2199; x_wconf 85' lang='lat' dir='ltr'>nihil·</span> 
     </span>
     <span class='ocr_line' id='line_1_20' title="bbox 213 2217 1438 2278; baseline 0 0"><span class='ocrx_word' id='word_1_137' title='bbox 213 2217 354 2278; x_wconf 72' lang='lat' dir='ltr'>ominus.</span> <span class='ocrx_word' id='word_1_138' title='bbox 1310 2231 1312 2238; x_wconf 90' lang='lat'>&#39;</span> <span class='ocrx_word' id='word_1_139' title='bbox 1437 2221 1438 2224; x_wconf 65' lang='grc'>’</span> 
     </span>
     <span class='ocr_line' id='line_1_21' title="bbox 297 2299 1326 2383; baseline 0.004 -24.725"><span class='ocrx_word' id='word_1_140' title='bbox 297 2299 342 2364; x_wconf 80' lang='lat' dir='ltr'>ii.</span> <span class='ocrx_word' id='word_1_141' title='bbox 383 2299 418 2361; x_wconf 87' lang='lat' dir='ltr'>si</span> <span class='ocrx_word' id='word_1_142' title='bbox 435 2307 543 2361; x_wconf 81' lang='lat' dir='ltr'>eutem</span> <span class='ocrx_word' id='word_1_143' title='bbox 559 2299 666 2362; x_wconf 87' lang='lat' dir='ltr'>miuus</span> <span class='ocrx_word' id='word_1_144' title='bbox 687 2299 812 2362; x_wconf 85' lang='lat' dir='ltr'>fuerint</span> <span class='ocrx_word' id='word_1_145' title='bbox 833 2307 945 2378; x_wconf 88' lang='lat' dir='ltr'>scuta,</span> <span class='ocrx_word' id='word_1_146' title='bbox 966 2308 1179 2378; x_wconf 75' lang='lat' dir='ltr'>veruntamen</span> <span class='ocrx_word' id='word_1_147' title='bbox 1203 2299 1247 2361; x_wconf 81' lang='lat' dir='ltr'>its</span> <span class='ocrx_word' id='word_1_148' title='bbox 1266 2311 1326 2383; x_wconf 91' lang='lat' dir='ltr'>per</span> 
     </span>
     <span class='ocr_line' id='line_1_22' title="bbox 210 2380 1326 2465; baseline 0.004 -24"><span class='ocrx_word' id='word_1_149' title='bbox 210 2381 289 2448; x_wconf 60' lang='lat' dir='ltr'>iim,</span> <span class='ocrx_word' id='word_1_150' title='bbox 302 2380 422 2450; x_wconf 84' lang='lat' dir='ltr'>iniuste</span> <span class='ocrx_word' id='word_1_151' title='bbox 453 2381 604 2460; x_wconf 83' lang='lat' dir='ltr'>cinxerit,</span> <span class='ocrx_word' id='word_1_152' title='bbox 634 2384 725 2465; x_wconf 87' lang='lat' dir='ltr'>quod</span> <span class='ocrx_word' id='word_1_153' title='bbox 751 2381 919 2445; x_wconf 79' lang='lat' dir='ltr'>heimcuht</span> <span class='ocrx_word' id='word_1_154' title='bbox 939 2383 976 2456; x_wconf 77' lang='lat' dir='ltr'>li)</span> <span class='ocrx_word' id='word_1_155' title='bbox 996 2391 1126 2462; x_wconf 76' lang='lat' dir='ltr'>nocent,</span> <span class='ocrx_word' id='word_1_156' title='bbox 1154 2405 1228 2448; x_wconf 85' lang='lat' dir='ltr'>cnm</span> <span class='ocrx_word' id='word_1_157' title='bbox 1248 2383 1326 2446; x_wconf 90' lang='lat' dir='ltr'>duo·</span> 
     </span>
     <span class='ocr_line' id='line_1_23' title="bbox 211 2463 655 2549; baseline 0.007 -21"><span class='ocrx_word' id='word_1_158' title='bbox 211 2464 321 2528; x_wconf 85' lang='lat' dir='ltr'>decim</span> <span class='ocrx_word' id='word_1_159' title='bbox 340 2463 452 2528; x_wconf 83' lang='lat' dir='ltr'>solidis</span> <span class='ocrx_word' id='word_1_160' title='bbox 473 2475 655 2549; x_wconf 84' lang='lat' dir='ltr'>componat.</span> 
     </span>
    </p>
   </div>
   <div class='ocr_carea' id='block_1_11' title="bbox 223 2575 1154 2666">
    <p class='ocr_par' dir='ltr' id='par_1_11' title="bbox 223 2575 1154 2666">
     <span class='ocr_line' id='line_1_24' title="bbox 223 2575 1154 2666; baseline -0.004 -22"><span class='ocrx_word' id='word_1_161' title='bbox 223 2583 250 2652; x_wconf 74' lang='grc'><strong>,““’</strong></span> <span class='ocrx_word' id='word_1_162' title='bbox 273 2586 279 2598; x_wconf 83' lang='grc'>’</span> <span class='ocrx_word' id='word_1_163' title='bbox 303 2579 307 2593; x_wconf 81' lang='lat'>&#39;</span> <span class='ocrx_word' id='word_1_164' title='bbox 362 2581 529 2645; x_wconf 77' lang='lat' dir='ltr'>&#39;Csr.1X.</span> <span class='ocrx_word' id='word_1_165' title='bbox 570 2581 622 2644; x_wconf 85' lang='lat' dir='ltr'>De</span> <span class='ocrx_word' id='word_1_166' title='bbox 645 2581 756 2644; x_wconf 83' lang='lat' dir='ltr'>invitis</span> <span class='ocrx_word' id='word_1_167' title='bbox 774 2575 836 2666; x_wconf 80' lang='lat' dir='ltr'>pro</span> <span class='ocrx_word' id='word_1_168' title='bbox 856 2583 989 2666; x_wconf 83' lang='lat' dir='ltr'>pignore</span> <span class='ocrx_word' id='word_1_169' title='bbox 1008 2581 1154 2649; x_wconf 83' lang='lat' dir='ltr'>obtentis.</span> 
     </span>
    </p>
   </div>
   <div class='ocr_carea' id='block_1_12' title="bbox 210 2669 1327 2948">
    <p class='ocr_par' dir='ltr' id='par_1_12' title="bbox 210 2669 1327 2948">
     <span class='ocr_line' id='line_1_25' title="bbox 223 2669 1327 2783; baseline -0.003 -24"><span class='ocrx_word' id='word_1_170' title='bbox 223 2670 242 2783; x_wconf 20' lang='grc' dir='ltr'>μ’,</span> <span class='ocrx_word' id='word_1_171' title='bbox 261 2669 271 2683; x_wconf 16' lang='grc' dir='ltr'>γ’</span> <span class='ocrx_word' id='word_1_172' title='bbox 292 2691 331 2781; x_wconf 76' lang='lat' dir='ltr'>-Si</span> <span class='ocrx_word' id='word_1_173' title='bbox 357 2695 429 2781; x_wconf 84' lang='lat' dir='ltr'>quis</span> <span class='ocrx_word' id='word_1_174' title='bbox 455 2697 596 2760; x_wconf 85' lang='lat' dir='ltr'>liberum</span> <span class='ocrx_word' id='word_1_175' title='bbox 615 2707 726 2760; x_wconf 82' lang='lat' dir='ltr'>contra</span> <span class='ocrx_word' id='word_1_176' title='bbox 749 2697 855 2780; x_wconf 82' lang='lat' dir='ltr'>legem</span> <span class='ocrx_word' id='word_1_177' title='bbox 874 2695 1020 2778; x_wconf 82' lang='lat' dir='ltr'>pervim</span> <span class='ocrx_word' id='word_1_178' title='bbox 1042 2719 1101 2780; x_wconf 91' lang='lat' dir='ltr'>pro</span> <span class='ocrx_word' id='word_1_179' title='bbox 1121 2695 1257 2778; x_wconf 81' lang='lat' dir='ltr'>pignore</span> <span class='ocrx_word' id='word_1_180' title='bbox 1280 2702 1327 2756; x_wconf 87' lang='lat' dir='ltr'>te·</span> 
     </span>
     <span class='ocr_line' id='line_1_26' title="bbox 210 2777 1324 2864; baseline -0.004 -22"><span class='ocrx_word' id='word_1_181' title='bbox 210 2780 341 2864; x_wconf 60' lang='lat' dir='ltr'>derepit,</span> <span class='ocrx_word' id='word_1_182' title='bbox 362 2787 418 2841; x_wconf 87' lang='lat' dir='ltr'>eut</span> <span class='ocrx_word' id='word_1_183' title='bbox 445 2779 478 2841; x_wconf 92' lang='lat' dir='ltr'>in</span> <span class='ocrx_word' id='word_1_184' title='bbox 502 2780 599 2843; x_wconf 90' lang='lat' dir='ltr'>domo</span> <span class='ocrx_word' id='word_1_185' title='bbox 622 2780 796 2842; x_wconf 85' lang='lat' dir='ltr'>recluserit</span> <span class='ocrx_word' id='word_1_186' title='bbox 826 2779 1014 2842; x_wconf 87' lang='lat' dir='ltr'>huiusmodi</span> <span class='ocrx_word' id='word_1_187' title='bbox 1033 2790 1069 2840; x_wconf 91' lang='lat' dir='ltr'>nt</span> <span class='ocrx_word' id='word_1_188' title='bbox 1089 2777 1231 2841; x_wconf 86' lang='lat' dir='ltr'>liberum</span> <span class='ocrx_word' id='word_1_189' title='bbox 1257 2799 1324 2839; x_wconf 91' lang='lat' dir='ltr'>non</span> 
     </span>
     <span class='ocr_line' id='line_1_27' title="bbox 210 2860 1188 2948; baseline -0.005 -21"><span class='ocrx_word' id='word_1_190' title='bbox 210 2860 330 2938; x_wconf 75' lang='lat' dir='ltr'>hahent</span> <span class='ocrx_word' id='word_1_191' title='bbox 350 2882 526 2946; x_wconf 82' lang='lat' dir='ltr'>egressum,</span> <span class='ocrx_word' id='word_1_192' title='bbox 548 2885 624 2925; x_wconf 85' lang='lat' dir='ltr'>cum</span> <span class='ocrx_word' id='word_1_193' title='bbox 641 2863 864 2948; x_wconf 64' lang='lat' dir='ltr'>quadraginta,</span> <span class='ocrx_word' id='word_1_194' title='bbox 874 2863 987 2926; x_wconf 89' lang='lat' dir='ltr'>solidis</span> <span class='ocrx_word' id='word_1_195' title='bbox 1008 2870 1188 2946; x_wconf 84' lang='lat' dir='ltr'>componat.</span> 
     </span>
    </p>
   </div>
   <div class='ocr_carea' id='block_1_13' title="bbox 242 2998 1072 3090">
    <p class='ocr_par' dir='ltr' id='par_1_13' title="bbox 242 2998 1072 3090">
     <span class='ocr_line' id='line_1_28' title="bbox 242 2998 1072 3090; baseline 0.006 -25"><span class='ocrx_word' id='word_1_196' title='bbox 242 3003 244 3010; x_wconf 85' lang='lat'>&#39;</span> <span class='ocrx_word' id='word_1_197' title='bbox 363 2998 366 3007; x_wconf 82' lang='lat'>&#39;</span> <span class='ocrx_word' id='word_1_198' title='bbox 426 3007 428 3010; x_wconf 79' lang='grc'><strong>’</strong></span> <span class='ocrx_word' id='word_1_199' title='bbox 462 3005 538 3070; x_wconf 72' lang='lat' dir='ltr'>Cer.</span> <span class='ocrx_word' id='word_1_200' title='bbox 559 3005 601 3066; x_wconf 86' lang='lat' dir='ltr'>X.</span> <span class='ocrx_word' id='word_1_201' title='bbox 641 3005 692 3065; x_wconf 86' lang='lat' dir='ltr'>Dc</span> <span class='ocrx_word' id='word_1_202' title='bbox 712 3005 821 3089; x_wconf 87' lang='lat' dir='ltr'>porcis</span> <span class='ocrx_word' id='word_1_203' title='bbox 853 3003 1006 3089; x_wconf 80' lang='lat' dir='ltr'>dispersis</span> <span class='ocrx_word' id='word_1_204' title='bbox 1033 3000 1072 3090; x_wconf 87' lang='lat' dir='ltr'>l).</span> 
     </span>
    </p>
   </div>
   <div class='ocr_carea' id='block_1_14' title="bbox 209 3116 1325 3452">
    <p class='ocr_par' dir='ltr' id='par_1_14' title="bbox 209 3116 1325 3452">
     <span class='ocr_line' id='line_1_29' title="bbox 289 3116 1319 3204; baseline -0.002 -24"><span class='ocrx_word' id='word_1_205' title='bbox 289 3119 327 3180; x_wconf 74' lang='lat' dir='ltr'>Si</span> <span class='ocrx_word' id='word_1_206' title='bbox 354 3116 428 3201; x_wconf 89' lang='lat' dir='ltr'>quis</span> <span class='ocrx_word' id='word_1_207' title='bbox 453 3117 549 3182; x_wconf 86' lang='lat' dir='ltr'>liberi</span> <span class='ocrx_word' id='word_1_208' title='bbox 575 3139 692 3202; x_wconf 88' lang='lat' dir='ltr'>porcos</span> <span class='ocrx_word' id='word_1_209' title='bbox 719 3131 852 3204; x_wconf 86' lang='lat' dir='ltr'>propter</span> <span class='ocrx_word' id='word_1_210' title='bbox 878 3119 1173 3204; x_wconf 77' lang='lat' dir='ltr'>praesumptionem</span> <span class='ocrx_word' id='word_1_211' title='bbox 1193 3117 1319 3199; x_wconf 78' lang='lat' dir='ltr'>eiulatu</span> 
     </span>
     <span class='ocr_line' id='line_1_30' title="bbox 209 3199 1325 3285; baseline -0.009 -19"><span class='ocrx_word' id='word_1_212' title='bbox 209 3199 475 3278; x_wconf 72' lang='lat' dir='ltr'>suthnintmodi</span> <span class='ocrx_word' id='word_1_213' title='bbox 492 3221 572 3264; x_wconf 87' lang='lat' dir='ltr'>sono</span> <span class='ocrx_word' id='word_1_214' title='bbox 593 3202 728 3268; x_wconf 84' lang='lat' dir='ltr'>eiecerit</span> <span class='ocrx_word' id='word_1_215' title='bbox 747 3205 799 3266; x_wconf 84' lang='lat' dir='ltr'>vet</span> <span class='ocrx_word' id='word_1_216' title='bbox 825 3203 1022 3285; x_wconf 87' lang='lat' dir='ltr'>disperserit,</span> <span class='ocrx_word' id='word_1_217' title='bbox 1043 3201 1113 3266; x_wconf 72' lang='lat' dir='ltr'>,ubi</span> <span class='ocrx_word' id='word_1_218' title='bbox 1138 3199 1325 3283; x_wconf 77' lang='lat' dir='ltr'>septuagin-</span> 
     </span>
     <span class='ocr_line' id='line_1_31' title="bbox 210 3283 1324 3370; baseline -0.003 -25"><span class='ocrx_word' id='word_1_219' title='bbox 210 3294 243 3345; x_wconf 82' lang='lat' dir='ltr'>ts</span> <span class='ocrx_word' id='word_1_220' title='bbox 260 3291 308 3359; x_wconf 89' lang='lat' dir='ltr'>m)</span> <span class='ocrx_word' id='word_1_221' title='bbox 328 3283 454 3346; x_wconf 83' lang='lat' dir='ltr'>fuerint</span> <span class='ocrx_word' id='word_1_222' title='bbox 466 3283 569 3368; x_wconf 88' lang='lat' dir='ltr'>porci,</span> <span class='ocrx_word' id='word_1_223' title='bbox 599 3293 633 3347; x_wconf 84' lang='lat' dir='ltr'>et</span> <span class='ocrx_word' id='word_1_224' title='bbox 657 3285 725 3368; x_wconf 88' lang='lat' dir='ltr'>ipse</span> <span class='ocrx_word' id='word_1_225' title='bbox 743 3297 851 3370; x_wconf 83' lang='lat' dir='ltr'>pastor</span> <span class='ocrx_word' id='word_1_226' title='bbox 870 3285 1043 3348; x_wconf 83' lang='lat' dir='ltr'>buccinam</span> <span class='ocrx_word' id='word_1_227' title='bbox 1054 3283 1229 3370; x_wconf 78' lang='lat' dir='ltr'>portaverit</span> <span class='ocrx_word' id='word_1_228' title='bbox 1245 3301 1324 3366; x_wconf 86' lang='lat' dir='ltr'>por-</span> 
     </span>
     <span class='ocr_line' id='line_1_32' title="bbox 209 3364 956 3452; baseline -0.003 -22"><span class='ocrx_word' id='word_1_229' title='bbox 209 3364 319 3445; x_wconf 75' lang='lat' dir='ltr'>stem,</span> <span class='ocrx_word' id='word_1_230' title='bbox 345 3387 422 3436; x_wconf 80' lang='lat' dir='ltr'>cum</span> <span class='ocrx_word' id='word_1_231' title='bbox 445 3365 618 3430; x_wconf 87' lang='lat' dir='ltr'>duodecim</span> <span class='ocrx_word' id='word_1_232' title='bbox 638 3368 751 3430; x_wconf 88' lang='lat' dir='ltr'>solidis</span> <span class='ocrx_word' id='word_1_233' title='bbox 773 3375 956 3452; x_wconf 74' lang='lat' dir='ltr'>componat.</span> 
     </span>
    </p>
   </div>
   <div class='ocr_carea' id='block_1_15' title="bbox 220 3477 1222 3567">
    <p class='ocr_par' dir='ltr' id='par_1_15' title="bbox 220 3477 1222 3567">
     <span class='ocr_line' id='line_1_33' title="bbox 220 3477 1222 3567; baseline 0.004 -27"><span class='ocrx_word' id='word_1_234' title='bbox 220 3493 239 3529; x_wconf 58' lang='grc' dir='ltr'>ι’·</span> <span class='ocrx_word' id='word_1_235' title='bbox 309 3479 387 3547; x_wconf 75' lang='lat' dir='ltr'>Cer.</span> <span class='ocrx_word' id='word_1_236' title='bbox 407 3479 461 3542; x_wconf 88' lang='lat' dir='ltr'>XI.</span> <span class='ocrx_word' id='word_1_237' title='bbox 501 3481 552 3542; x_wconf 86' lang='lat' dir='ltr'>De</span> <span class='ocrx_word' id='word_1_238' title='bbox 571 3481 745 3560; x_wconf 83' lang='lat' dir='ltr'>simulatis,</span> <span class='ocrx_word' id='word_1_239' title='bbox 766 3479 855 3567; x_wconf 83' lang='lat' dir='ltr'>quod</span> <span class='ocrx_word' id='word_1_240' title='bbox 876 3479 1079 3545; x_wconf 81' lang='lat' dir='ltr'>wancstodal</span> <span class='ocrx_word' id='word_1_241' title='bbox 1100 3477 1222 3545; x_wconf 83' lang='lat' dir='ltr'>dicunt.</span> 
     </span>
    </p>
   </div>
   <div class='ocr_carea' id='block_1_16' title="bbox 207 3593 1322 3846">
    <p class='ocr_par' dir='ltr' id='par_1_16' title="bbox 207 3593 1322 3846">
     <span class='ocr_line' id='line_1_34' title="bbox 222 3593 1322 3678; baseline -0.001 -23"><span class='ocrx_word' id='word_1_242' title='bbox 222 3645 224 3655; x_wconf 78' lang='grc'>,</span> <span class='ocrx_word' id='word_1_243' title='bbox 294 3594 330 3656; x_wconf 90' lang='lat' dir='ltr'>Si</span> <span class='ocrx_word' id='word_1_244' title='bbox 359 3594 430 3677; x_wconf 87' lang='lat' dir='ltr'>quis</span> <span class='ocrx_word' id='word_1_245' title='bbox 459 3594 545 3660; x_wconf 89' lang='lat' dir='ltr'>liber</span> <span class='ocrx_word' id='word_1_246' title='bbox 572 3595 590 3658; x_wconf 77' lang='lat' dir='ltr'>d</span> <span class='ocrx_word' id='word_1_247' title='bbox 616 3596 699 3658; x_wconf 82' lang='lat' dir='ltr'>facie</span> <span class='ocrx_word' id='word_1_248' title='bbox 725 3596 933 3660; x_wconf 85' lang='lat' dir='ltr'>inimicorum</span> <span class='ocrx_word' id='word_1_249' title='bbox 965 3617 1098 3658; x_wconf 88' lang='lat' dir='ltr'>suorum</span> <span class='ocrx_word' id='word_1_250' title='bbox 1126 3593 1264 3678; x_wconf 86' lang='lat' dir='ltr'>fugerit,</span> <span class='ocrx_word' id='word_1_251' title='bbox 1289 3602 1322 3655; x_wconf 90' lang='lat' dir='ltr'>et</span> 
     </span>
     <span class='ocr_line' id='line_1_35' title="bbox 209 3676 1322 3764; baseline -0.002 -25"><span class='ocrx_word' id='word_1_252' title='bbox 209 3676 293 3740; x_wconf 80' lang='lat' dir='ltr'>s&#39;lius</span> <span class='ocrx_word' id='word_1_253' title='bbox 312 3698 391 3739; x_wconf 84' lang='lat' dir='ltr'>eum</span> <span class='ocrx_word' id='word_1_254' title='bbox 412 3685 472 3764; x_wconf 84' lang='lat' dir='ltr'>per</span> <span class='ocrx_word' id='word_1_255' title='bbox 501 3678 567 3741; x_wconf 85' lang='lat' dir='ltr'>vim</span> <span class='ocrx_word' id='word_1_256' title='bbox 587 3687 737 3741; x_wconf 80' lang='lat' dir='ltr'>constare</span> <span class='ocrx_word' id='word_1_257' title='bbox 760 3679 876 3743; x_wconf 88' lang='lat' dir='ltr'>fecerit</span> <span class='ocrx_word' id='word_1_258' title='bbox 890 3725 903 3754; x_wconf 91' lang='lat'>,</span> <span class='ocrx_word' id='word_1_259' title='bbox 941 3690 997 3741; x_wconf 86' lang='lat' dir='ltr'>ant</span> <span class='ocrx_word' id='word_1_260' title='bbox 1021 3700 1054 3742; x_wconf 91' lang='lat' dir='ltr'>se</span> <span class='ocrx_word' id='word_1_261' title='bbox 1085 3689 1197 3740; x_wconf 81' lang='lat' dir='ltr'>contra</span> <span class='ocrx_word' id='word_1_262' title='bbox 1226 3676 1322 3738; x_wconf 87' lang='lat' dir='ltr'>ilium</span> 
     </span>
     <span class='ocr_line' id='line_1_36' title="bbox 207 3759 1322 3846; baseline 0.002 -24"><span class='ocrx_word' id='word_1_263' title='bbox 207 3760 388 3846; x_wconf 69' lang='lat' dir='ltr'>partierit,</span> <span class='ocrx_word' id='word_1_264' title='bbox 417 3761 581 3823; x_wconf 87' lang='lat' dir='ltr'>interdum</span> <span class='ocrx_word' id='word_1_265' title='bbox 602 3761 728 3825; x_wconf 88' lang='lat' dir='ltr'>inimici</span> <span class='ocrx_word' id='word_1_266' title='bbox 749 3763 838 3825; x_wconf 88' lang='lat' dir='ltr'>illius</span> <span class='ocrx_word' id='word_1_267' title='bbox 859 3761 1110 3842; x_wconf 82' lang='lat' dir='ltr'>coniunxerint,</span> <span class='ocrx_word' id='word_1_268' title='bbox 1132 3771 1165 3824; x_wconf 88' lang='lat' dir='ltr'>et</span> <span class='ocrx_word' id='word_1_269' title='bbox 1188 3759 1322 3824; x_wconf 80' lang='lat' dir='ltr'>interis·</span> 
     </span>
    </p>
   </div>
   <div class='ocr_carea' id='block_1_17' title="bbox 97 3931 1321 4353">
    <p class='ocr_par' dir='ltr' id='par_1_17' title="bbox 97 3931 1321 4353">
     <span class='ocr_line' id='line_1_37' title="bbox 213 3931 1320 4018; baseline 0 -31"><span class='ocrx_word' id='word_1_270' title='bbox 213 3951 220 3960; x_wconf 74' lang='lat'><strong>‘</strong></span> <span class='ocrx_word' id='word_1_271' title='bbox 276 3936 304 4006; x_wconf 83' lang='lat' dir='ltr'>e)</span> <span class='ocrx_word' id='word_1_272' title='bbox 320 3933 411 3987; x_wconf 81' lang='lat' dir='ltr'>Addit</span> <span class='ocrx_word' id='word_1_273' title='bbox 435 3931 546 3988; x_wconf 72' lang='lat' dir='ltr'>florele</span> <span class='ocrx_word' id='word_1_274' title='bbox 572 3953 605 3996; x_wconf 84' lang='lat' dir='ltr'>eo</span> <span class='ocrx_word' id='word_1_275' title='bbox 633 3933 710 4018; x_wconf 80' lang='lat' dir='ltr'>quod</span> <span class='ocrx_word' id='word_1_276' title='bbox 733 3936 882 3996; x_wconf 80' lang='lat' dir='ltr'>inunnuon</span> <span class='ocrx_word' id='word_1_277' title='bbox 906 3937 1075 4008; x_wconf 70' lang='lat' dir='ltr'>impinxerit.</span> <span class='ocrx_word' id='word_1_278' title='bbox 1143 3936 1185 3990; x_wconf 79' lang='lat' dir='ltr'>tt.</span> <span class='ocrx_word' id='word_1_279' title='bbox 1212 3952 1263 3990; x_wconf 74' lang='lat' dir='ltr'>ins.</span> <span class='ocrx_word' id='word_1_280' title='bbox 1287 3952 1320 3988; x_wconf 87' lang='lat' dir='ltr'>eo</span> 
     </span>
     <span class='ocr_line' id='line_1_38' title="bbox 202 4003 1321 4080; baseline -0.002 -22"><span class='ocrx_word' id='word_1_281' title='bbox 202 4003 283 4080; x_wconf 70' lang='lat' dir='ltr'>&#39;quod</span> <span class='ocrx_word' id='word_1_282' title='bbox 298 4005 427 4058; x_wconf 65' lang='lat' dir='ltr'>insumam</span> <span class='ocrx_word' id='word_1_283' title='bbox 444 4004 507 4074; x_wconf 86' lang='lat' dir='ltr'>imp.</span> <span class='ocrx_word' id='word_1_284' title='bbox 550 4003 692 4078; x_wconf 87' lang='lat' dir='ltr'>s)L1nd.</span> <span class='ocrx_word' id='word_1_285' title='bbox 713 4007 883 4060; x_wconf 77' lang='lat' dir='ltr'>innunvant.</span> <span class='ocrx_word' id='word_1_286' title='bbox 919 4008 1039 4060; x_wconf 64' lang='lat' dir='ltr'>Aixmss.</span> <span class='ocrx_word' id='word_1_287' title='bbox 1060 4008 1258 4072; x_wconf 83' lang='lat' dir='ltr'>innuvannist‚·</span> <span class='ocrx_word' id='word_1_288' title='bbox 1277 4005 1321 4056; x_wconf 81' lang='lat' dir='ltr'>in-</span> 
     </span>
     <span class='ocr_line' id='line_1_39' title="bbox 187 4068 1318 4147; baseline -0.002 -19"><span class='ocrx_word' id='word_1_289' title='bbox 187 4068 348 4142; x_wconf 78' lang='lat' dir='ltr'>·‘vanistat,·</span> <span class='ocrx_word' id='word_1_290' title='bbox 366 4075 514 4127; x_wconf 77' lang='lat' dir='ltr'>unwanist</span> <span class='ocrx_word' id='word_1_291' title='bbox 550 4075 580 4147; x_wconf 78' lang='lat' dir='ltr'>g)</span> <span class='ocrx_word' id='word_1_292' title='bbox 597 4077 631 4130; x_wconf 88' lang='lat' dir='ltr'>In</span> <span class='ocrx_word' id='word_1_293' title='bbox 649 4077 759 4130; x_wconf 82' lang='lat' dir='ltr'>Herold.</span> <span class='ocrx_word' id='word_1_294' title='bbox 780 4079 849 4132; x_wconf 80' lang='lat' dir='ltr'>haec</span> <span class='ocrx_word' id='word_1_295' title='bbox 869 4077 993 4131; x_wconf 79' lang='lat' dir='ltr'>clausula</span> <span class='ocrx_word' id='word_1_296' title='bbox 1012 4073 1097 4130; x_wconf 82' lang='lat' dir='ltr'>deest.</span> <span class='ocrx_word' id='word_1_297' title='bbox 1149 4075 1180 4146; x_wconf 78' lang='lat' dir='ltr'>h)</span> <span class='ocrx_word' id='word_1_298' title='bbox 1197 4077 1238 4130; x_wconf 86' lang='grc' dir='ltr'>ΔΙ.</span> <span class='ocrx_word' id='word_1_299' title='bbox 1257 4091 1318 4126; x_wconf 86' lang='lat' dir='ltr'>mss.</span> 
     </span>
     <span class='ocr_line' id='line_1_40' title="bbox 97 4145 1318 4220; baseline -0.003 -20"><span class='ocrx_word' id='word_1_300' title='bbox 97 4171 101 4181; x_wconf 93' lang='lat'><em>·</em></span> <span class='ocrx_word' id='word_1_301' title='bbox 199 4145 340 4218; x_wconf 66' lang='grc' dir='ltr'>λᾳῇνιίιας</span> <span class='ocrx_word' id='word_1_302' title='bbox 358 4145 508 4201; x_wconf 76' lang='lat' dir='ltr'>her-ircim.</span> <span class='ocrx_word' id='word_1_303' title='bbox 561 4145 584 4216; x_wconf 79' lang='lat' dir='ltr'>i)</span> <span class='ocrx_word' id='word_1_304' title='bbox 601 4146 713 4201; x_wconf 83' lang='lat' dir='ltr'>Herold.</span> <span class='ocrx_word' id='word_1_305' title='bbox 737 4145 800 4204; x_wconf 84' lang='lat' dir='ltr'>XL.</span> <span class='ocrx_word' id='word_1_306' title='bbox 854 4147 1011 4220; x_wconf 78' lang='lat' dir='ltr'>t)tter01d.</span> <span class='ocrx_word' id='word_1_307' title='bbox 1030 4148 1152 4200; x_wconf 67' lang='lat' dir='ltr'>tuimet.</span> <span class='ocrx_word' id='word_1_308' title='bbox 1214 4147 1239 4216; x_wconf 78' lang='lat' dir='ltr'>t)</span> <span class='ocrx_word' id='word_1_309' title='bbox 1257 4145 1318 4198; x_wconf 85' lang='lat' dir='ltr'>Hoc</span> 
     </span>
     <span class='ocr_line' id='line_1_41' title="bbox 201 4213 1309 4340; baseline 0.001 -73"><span class='ocrx_word' id='word_1_310' title='bbox 201 4232 238 4338; x_wconf 64' lang='lat' dir='ltr'>pp</span> <span class='ocrx_word' id='word_1_311' title='bbox 258 4213 476 4340; x_wconf 54' lang='lat' dir='ltr'>utlliuffilplsl.</span> <span class='ocrx_word' id='word_1_312' title='bbox 485 4214 575 4276; x_wconf 77' lang='lat' dir='ltr'>esde.</span> <span class='ocrx_word' id='word_1_313' title='bbox 600 4215 701 4297; x_wconf 61' lang='lat' dir='ltr'>legitur</span> <span class='ocrx_word' id='word_1_314' title='bbox 718 4223 787 4288; x_wconf 78' lang='lat' dir='ltr'>,post</span> <span class='ocrx_word' id='word_1_315' title='bbox 819 4217 945 4276; x_wconf 79' lang='lat' dir='ltr'>Tituium</span> <span class='ocrx_word' id='word_1_316' title='bbox 967 4217 1039 4276; x_wconf 65' lang='lat' dir='ltr'>XXI,</span> <span class='ocrx_word' id='word_1_317' title='bbox 1109 4217 1148 4286; x_wconf 85' lang='lat' dir='ltr'>m)</span> <span class='ocrx_word' id='word_1_318' title='bbox 1176 4215 1219 4270; x_wconf 76' lang='lat' dir='ltr'>tt.</span> <span class='ocrx_word' id='word_1_319' title='bbox 1248 4231 1309 4269; x_wconf 78' lang='lat' dir='ltr'>mss.</span> 
     </span>
     <span class='ocr_line' id='line_1_42' title="bbox 169 4320 1132 4353; baseline 0 -5"><span class='ocrx_word' id='word_1_320' title='bbox 169 4339 172 4348; x_wconf 81' lang='grc'><strong>.</strong></span> <span class='ocrx_word' id='word_1_321' title='bbox 320 4323 329 4353; x_wconf 68' lang='lat'><em>7</em></span> <span class='ocrx_word' id='word_1_322' title='bbox 453 4321 455 4326; x_wconf 88' lang='lat'>&#39;</span> <span class='ocrx_word' id='word_1_323' title='bbox 1130 4320 1132 4329; x_wconf 92' lang='lat'>&#39;</span> 
     </span>
    </p>
   </div>
   <div class='ocr_carea' id='block_1_18' title="bbox 0 0 1458 5008">
    <p class='ocr_par' dir='ltr' id='par_1_18' title="bbox 0 0 1458 5008">
     <span class='ocr_line' id='line_1_43' title="bbox 0 0 1458 5008; baseline 0 4"><span class='ocrx_word' id='word_1_324' title='bbox 0 0 1458 5008; x_wconf 95' lang='lat' dir='ltr'> </span> 
     </span>
    </p>
   </div>
  </div>
 </body>
</html>
