2876 4992
184 341 201 401 l
216 331 289 407 tro
473 345 579 403 ineis
597 349 841 408 nirulnionnn
859 299 930 404 nr.
949 348 1048 408 xxiv.

212 491 332 564 dictate
352 486 599 570 compositionis
623 488 822 549 Francorum
841 488 1013 572 culpabilis
1036 486 1209 560 iudicetur.
1256 492 1325 555 Aut

197 572 470 684 .,⁸}⁶.‚-¹.¹ng²veri¹¹l⁷
492 592 566 631 cum
588 570 720 652 triginta
741 593 797 633 sex
818 570 912 638 iuret.
1222 579 1227 586 '

434 690 522 759 ΤΙΤ.
549 687 663 762 XIX„
704 687 764 758 De
799 690 874 758 ictu
898 712 1099 762 servorum·
1157 775 1161 780 Ι

189 885 193 892 ¹
233 882 236 892 Ι
294 816 321 878 Ι,
363 809 398 870 si
420 808 783 890 ejingenuusservum
806 808 872 869 ictu
893 812 1111 890 percusserit,
1133 821 1169 872 ut
1191 811 1321 894 sanguis

175 890 279 955 ''¹¹'non
295 903 407 968 exeat,
428 912 530 972 usquc
547 897 656 952 ternos
670 890 713 971 f)
734 894 843 972 colpos
863 900 904 970 g)
926 895 1029 973 (quod
1044 915 1103 954 nos
1119 893 1322 956 dicimushu-

115 1041 117 1044 ,
212 974 329 1058 nislegi
346 977 383 1044 Ιι)
404 973 548 1058 singulos
567 973 686 1036 solidos
705 985 884 1058 componat.
924 975 990 1037 Aut
1004 975 1031 1037 si
1053 981 1230 1060 negaverit,
1245 999 1320 1038 eum

178 1105 180 1114 ,
211 1081 270 1122 sex
292 1060 385 1118 iuret.
420 1071 422 1078 ’
954 1059 957 1064 ’

294 1141 335 1206 ll.
378 1139 413 1200 Si
429 1136 527 1199 homo
551 1137 785 1200 ecclesiasticus
811 1148 865 1201 aut
886 1138 993 1221 regius
1018 1138 1081 1201 hoc
1100 1141 1240 1222 fecerit,
1261 1142 1323 1205 tri·

210 1223 271 1286 hus
297 1222 408 1283 solidis
437 1222 606 1302 culpabilis
630 1221 809 1299 iudicetur,
832 1231 887 1282 aut
913 1243 987 1282 cnm
1010 1243 1067 1282 sex
1089 1224 1183 1290 iuret.

296 1305 357 1371 lll.
400 1305 497 1382 Quod
513 1304 539 1365 si
564 1325 675 1366 servus
694 1302 817 1363 homini
838 1305 928 1387 regio
952 1312 1007 1363 aut
1028 1306 1245 1369 ecclesiastico
1265 1308 1319 1370 vel

211 1388 337 1448 Franco
358 1387 421 1447 hoc
440 1387 573 1462 fecerit,
595 1407 654 1468 per
676 1396 785 1450 ternos
811 1387 892 1448 ictus
912 1398 974 1448 tres
996 1386 1114 1449 solidos
1137 1398 1320 1476 componat,

99 1507 104 1517 ·
211 1469 278 1530 nur
300 1469 327 1532 si
351 1470 533 1552 negaverit,
556 1471 704 1530 dominus
724 1469 793 1530 eins
817 1491 892 1531 cum
912 1491 967 1531 sex
989 1469 1084 1534 iuret.

406 1589 496 1674 ΤΙΤ,
521 1586 608 1656 ΧΧ.
657 1588 716 1658 De
741 1589 919 1660 effusione
944 1590 1135 1682 sanguinis.

290 1709 317 1782 I.
358 1706 394 1769 Si
415 1729 526 1771 servus
545 1706 688 1789 ingenuo
709 1717 764 1770 aut
784 1709 874 1789 regio
891 1709 944 1771 vel
961 1708 1178 1772 ecclesiastico
1193 1707 1318 1770 homini

211 1792 376 1872 sanguinis
399 1792 588 1851 effusionem
611 1789 746 1862 fecerit,
772 1793 885 1872 quinto
913 1791 1046 1851 dimidio
1066 1791 1171 1852 solido
1192 1794 1226 1863 i)
1245 1792 1318 1854 cul-

210 1875 324 1956 pabilis
337 1874 507 1936 iudicetur.
527 1874 593 1932 Aut
605 1872 631 1934 si
644 1873 818 1953 negaverit,
830 1874 977 1935 dominus
991 1873 1060 1934 eius
1075 1893 1147 1934 cum
1156 1895 1214 1934 sexi
1223 1874 1317 1943 iuret.

205 1969 208 1976 '
296 1958 334 2023 ll.
377 1957 533 2018 Similiter
561 1955 587 2015 si
608 1955 768 2036 ingenuus
793 1965 848 2016 aut
872 1957 979 2038 regins
1002 1957 1054 2018 vel
1082 1956 1318 2018 ecclesiasticus

207 2037 305 2099 homo
323 2039 389 2111 ¹hec
410 2061 503 2101 servo
522 2038 637 2098 fecerit
658 2038 707 2114 lc),
729 2037 843 2118 quinto
867 2038 1000 2099 dimidio
1022 2029 1126 2100 solido
1146 2038 1317 2122 culpabilis

209 2122 391 2200 iudicetur,
412 2131 466 2182 aut
484 2121 632 2182 dominus
654 2121 723 2181 cius
743 2141 817 2180 curn
838 2141 896 2181 sex
918 2120 1011 2186 iuret.

357 2240 446 2314 ΤΙΤ,
473 2237 585 2307 ΧΧΙ.
630 2237 688 2307 De
716 2261 794 2306 osse
819 2237 938 2307 fracto
964 2261 1165 2310 servorum·

292 2358 389 2438 Quod
419 2359 446 2418 si
478 2358 638 2440 ingenuus
667 2365 722 2416 ant
744 2355 851 2440 regius
877 2355 928 2418 vel
955 2356 1190 2420 ecclesiasticus
1219 2360 1318 2421 hemo

209 2463 302 2504 servo
333 2463 366 2501 os
398 2442 550 2522 fregerit,
572 2461 689 2502 novem
717 2438 829 2502 solidis
859 2439 1031 2524 culpabilis
1060 2440 1239 2522 indicetur,
1261 2451 1319 2504 ant

210 2525 359 2585 dominus
379 2522 447 2584 eius
469 2524 501 2597 l)
522 2525 596 2583 cum
614 2543 670 2584 sex
687 2521 782 2584 iuret.

163 2627 165 2633 ⁸
235 2645 326 2714 ΤΙΤ.
349 2642 475 2713 XXII·
525 2641 583 2708 De
608 2661 688 2710 osse
712 2638 829 2710 fracto
854 2643 1095 2732 ingenuorum
1120 2664 1142 2708 n
1169 2665 1289 2718 servo.

292 2761 436 2838 Quodsi
459 2779 570 2821 servus
585 2756 710 2818 homini
741 2760 866 2818 Franco
893 2769 947 2818 aut
969 2760 1123 2843 Ripuario
1149 2781 1183 2822 os
1208 2756 1315 2842 frege-

172 2875 173 2880 ε
206 2843 268 2921 rit,
297 2845 446 2905 dominus
477 2843 547 2902 cius
568 2840 699 2921 triginta
724 2862 780 2901 sex
805 2841 914 2901 solidis
943 2842 1112 2925 culpabilis
1142 2842 1314 2906 indicetur.

208 2925 243 2984 Si
264 2934 369 2988 autern
391 2925 481 3007 regio
502 2933 557 2983 ant
578 2923 795 2984 eeclesiastico
814 2923 937 2983 homini
958 2925 1020 2990 hoc
1041 2925 1173 3006 fec-erit,
1194 2925 1243 2987 his
1257 2937 1326 2988 no·¹

206 3029 281 3070 vem
306 3007 418 3070 solidis
439 3017 491 3078 m)
512 3004 682 3088 culpabilis
708 3005 879 3072 iudicetur.

312 3123 412 3200 ‘Tm
437 3100 579 3204 XXIII,
629 3124 687 3193 De
713 3127 786 3192 ictu
812 3147 1003 3194 servorum
1027 3128 1065 3196 in
1089 3149 1208 3200 servo.

289 3246 387 3324 Quod
409 3244 436 3306 si
459 3266 570 3306 servus
592 3266 721 3307 servum
744 3245 810 3306 ictu
831 3267 895 3306 uno
916 3247 969 3307 vel
990 3247 1113 3306 dnobus
1133 3268 1191 3307 seu
1211 3246 1313 3308 trihus

157 3349 160 3362 ‘
203 3327 417 3413 percusserit,
450 3327 532 3387 nihil
553 3335 611 3389 est.
651 3329 714 3388 Sed
745 3338 851 3388 tamen
885 3338 1017 3410 propter
1043 3329 1129 3410 pacis
1155 3329 1313 3407 studium,

205 3413 403 3488 tremissem,
426 3410 461 3471 id
484 3419 551 3488 est,
572 3417 710 3493 quatuor
730 3410 900 3488 denarios,
923 3419 1103 3492 componat.

209 3531 297 3604 TIT.
321 3527 464 3614 XXIV,
501 3527 559 3597 De
576 3528 755 3620 sanguinis
769 3527 948 3599 effusione
960 3551 1314 3602 servorumaserve.

184 3651 186 3655 '
291 3648 325 3707 si
344 3658 449 3710 autem
466 3639 577 3708 seiros
596 3669 689 3710 servo
704 3648 869 3729 sanguinis
892 3647 1080 3710 effusionem
1100 3648 1231 3727 feeerit,
1253 3655 1314 3709 ten

104 3813 106 3818 ,
204 3733 253 3794 tio
276 3732 410 3793 dimidio
428 3731 532 3793 solide
553 3738 596 3802 n)
617 3730 786 3814 culpabilis
803 3731 975 3798 iudicetur.

197 3978 247 4054 'aa
261 3919 1315 4062 iifniind'gflsii'fi'ra.fc)0il,fiis¹f⁵q¹if>dinisf12⁷i²ifffiili.‘liiliiilffglii

206 4065 319 4118 Herold.
374 4063 405 4129 i)
424 4062 574 4118 Herold.et
592 4063 846 4135 Sichard.quinqne
865 4063 985 4115 dimidiis
997 4063 1101 4114 solidis.
1120 4061 1172 4112 Til.
1211 4063 1314 4130 uinqne

206 4148 233 4190 et
249 4131 371 4188 dimidie.
425 4131 461 4197 l)
482 4132 608 4186 Corbion.
629 4151 705 4186 servo
723 4154 782 4185 osso
796 4135 925 4202 fregerit.
963 4136 994 4200 i)
1012 4135 1104 4186 Deest.
1124 4131 1153 4180 in
1173 4079 1237 4182 ellit.
1259 4130 1314 4180 lle-

165 4268 175 4289 ἦ
206 4201 496 4329 Delmdwmbffderold.
518 4211 545 4258 et
563 4203 640 4259 Lind.
661 4211 689 4258 et
707 4203 767 4260 alii:
785 4204 891 4258 XVlll.
910 4205 959 4258 sol.
1015 4202 1055 4274 n)
1081 4201 1203 4258 sichard.
1225 4199 1312 4255 sribia

225 4293 270 4329 imi
292 4293 326 4328 ιιε
344 4287 396 4327 sot
420 4291 451 4326 ts.
