2900 5020
464 301 762 370 manturanum
786 300 982 362 secuuntur
1195 293 1270 384 stt

148 445 245 523 stne,
275 443 317 507 do
338 463 435 529 grege
455 464 629 527 porcorum
660 463 761 504 uuum
790 439 907 508 habeut
936 443 1113 528 occidendi
1136 451 1271 534 libem

147 537 363 613 potestatem,
386 537 418 590 et
441 527 506 588 suis
529 526 639 587 usibus
662 525 905 591 vindicandum.
1106 577 1130 608 Η,
1208 556 1269 614 Μ

244 613 287 672 lI.
330 611 427 691 Quod
452 609 479 671 si
498 610 626 670 facilius
651 608 692 668 ad
715 608 886 668 utilitatem
909 619 942 672 et
961 611 1104 694 quietern
1126 619 1272 694 omnium

147 694 280 760 debeat
298 693 475 778 pertinere,
499 693 538 752 de
555 690 746 752 animalibus
758 691 812 754 vel
827 691 961 773 reliquis
979 683 1271 799 pecoribuo,‚pr,3,3
1315 751 1319 758 .

149 789 209 841 ter
226 778 330 843 boves
352 785 387 840 et
411 775 563 852 caballos,
582 773 668 835 sicut
687 773 728 836 de
748 772 867 858 porcis,
888 775 986 841 simili
1009 780 1204 858 conditione,
1221 794 1271 860 tay

151 870 288 930 nentur.

258 1108 774 1188 annlraotnurum
816 1108 1188 1203 succubuit„

245 1282 468 1359 Quaecunque
488 1273 523 1336 ia
543 1295 645 1358 regno
667 1284 777 1338 nostro
798 1273 985 1338 huiusmodi
1003 1299 1131 1346 caussae
1152 1275 1270 1344 orient}

149 1373 239 1440 tur,
261 1362 348 1424 unde
377 1359 483 1420 adhuc
503 1355 629 1440 legibus
651 1379 717 1420 uon
741 1358 842 1420 fuerit
862 1355 1065 1441 institutum,
1098 1365 1186 1447 qnod
1209 1357 1270 1426 oli-'⁸

150 1467 288 1508 servare
310 1442 452 1520 debebit,
473 1439 583 1501 habito
611 1462 699 1503 nunc
728 1463 802 1502 cum
828 1441 1031 1523 optimatibus
1053 1445 1169 1508 nostris
1188 1454 1269 1509 trac-

151 1537 230 1588 tatu
252 1525 414 1612 praesenti
435 1522 623 1588 conditione
643 1523 845 1592 decrevimus
870 1523 905 1586 in
924 1526 1055 1610 populo
1068 1537 1290 1623 noctemque,

151 1610 268 1677 todiri.
560 1609 562 1616 ’

244 1695 269 1756 I.
312 1688 347 1753 Si
376 1688 449 1772 quis
481 1689 643 1772 ingenuus
672 1687 706 1747 in
738 1686 958 1772 captivitatem
982 1689 1099 1758 ductus
1124 1696 1195 1774 esi,
1234 1703 1268 1758 et

152 1773 320 1859 mancipia
342 1773 426 1834 intra
448 1772 613 1856 regionem
637 1779 776 1831 nostram
801 1772 946 1854 reliquit,
967 1775 1157 1859 quicunque
1178 1782 1267 1852 mani·

152 1859 283 1942 cipium
303 1854 546 1941 propinquitate
567 1853 661 1915 adse
686 1853 859 1931 revocavit,
880 1865 936 1916 aut
960 1859 1188 1940 praesumpsit,
1211 1870 1266 1922 aut

154 1942 293 2005 forsitan
321 1959 381 2036 per
403 1947 544 1998 nostram
565 1935 824 2020 praeceptionem
845 1936 956 2019 petiit,
986 1939 1013 2000 si
1040 1941 1265 2038 captivueiille

157 2021 201 2084 a'd
222 2041 352 2106 propria
372 2019 511 2102 rediret,
537 2017 699 2104 mancipia
725 2040 783 2080 sua
804 2018 924 2104 ubsque
943 2022 1143 2104 praeiudicio
1164 2025 1265 2110 partib

1249 2111 1255 2145 l

156 2114 304 2252 ΜΨ
329 2183 525 2266 Quicunque
544 2201 673 2245 servum
697 2205 791 2245 suum
818 2192 874 2246 aut
893 2185 1045 2254 ancillam
1066 2187 1107 2250 de
1130 2189 1264 2272 regione

157 2281 269 2334 nostra
289 2269 322 2330 in
344 2279 463 2331 sortem
487 2265 624 2327 alienam
646 2267 846 2346 vendiderit,
869 2275 901 2328 et
922 2269 1120 2353 mancipium
1147 2273 1265 2337 vendit*

156 2364 226 2416 tum
247 2353 286 2415 ad
312 2350 442 2435 propria
466 2348 619 2425 redierit,
649 2357 685 2408 ut
705 2349 841 2409 libertus
861 2348 902 2411 sit
928 2352 1127 2415 ordinamusz
1156 2376 1192 2415 ea
1217 2365 1264 2432 ta-

156 2459 232 2498 men
255 2435 392 2511 ratione,
413 2439 449 2494 ut
475 2451 540 2491 non
566 2431 697 2492 alterins
722 2430 954 2513 patrocinium,
986 2433 1049 2496 nisi
1076 2432 1262 2498 domicilii·

157 2519 233 2600 lius,
260 2519 317 2601 qni
339 2538 413 2578 enm
436 2513 633 2590 vendiderit,
654 2512 839 2576 habiturum
866 2535 899 2575 se
917 2537 985 2578 esse
1008 2529 1187 2600 cognoscat,

241 2603 300 2664 lll.
340 2599 537 2679 Quicunque
560 2595 720 2677 ingenuus
748 2596 787 2658 de
807 2596 925 2657 Gothia
948 2600 1090 2684 captivus
1111 2624 1128 2660 a
1157 2602 1263 2682 Eran-

159 2683 205 2747 cis
227 2685 261 2745 in
287 2683 453 2765 regionem
477 2687 618 2740 nostram
638 2677 784 2752 venerit,
806 2687 836 2740 et
856 2679 980 2744 ibidem
999 2680 1261 2769 habitare‘vclu-

155 2767 230 2844 erit,
252 2765 281 2826 ei
305 2762 437 2826 licentia
459 2783 525 2823 non
547 2770 692 2842 negetur.
1222 2759 1255 2830 ¹²}

240 2848 294 2913 lV.
335 2845 453 2920 Deliis
474 2864 573 2920 vero,
602 2864 683 2924 quae
706 2853 849 2927 tempore
869 2843 990 2907 excidii
1012 2845 1052 2905 ad
1078 2843 1259 2911 fidem‘iiiil

156 2927 313 2990 micorum
333 2926 456 2988 amissis
480 2921 667 3005 mancipiis,
683 2947 755 2986 cum
781 2947 846 2987 una
873 2936 997 2990 tantum
1022 2927 1169 3027 ingenptt·
1184 2953 1261 3016 per-

156 3033 253 3087 sona,
280 3032 316 3071 ac
338 3009 411 3069 loco
433 3008 542 3069 uxoris
569 3008 630 3068 sibi
656 3008 823 3085 liberavit,
853 3011 1017 3072 mercedes
1039 3013 1164 3093 requiri
1185 3036 1260 3099 spe-

157 3093 269 3155 cialius
296 3087 533 3167 ordinavimus,
567 3098 604 3150 ut
639 3090 723 3153 nihil
747 3091 876 3174 penitus
904 3093 945 3155 ad
973 3091 1143 3154 mulierem
1164 3087 1258 3177 ‚titani

156 3176 196 3237 de
218 3175 276 3236 tali
300 3195 409 3238 caussa
431 3178 614 3254 quaeratur.
1063 3235 1064 3242 χ
1133 3183 1135 3191 ’
1206 3194 1208 3202 ’
1246 3171 1252 3197 ‘⁴

238 3259 278 3319 V.
320 3258 543 3337 Quaecunque
574 3276 709 3336 persona
733 3255 773 3318 de
805 3254 867 3316 alia
893 3255 1025 3340 regione
1048 3256 1091 3319 'in
1118 3249 1257 3324 nostram

154 3340 290 3416 venerit,
312 3348 345 3401 et
364 3337 409 3398 ibi
431 3334 573 3400 voluerit
590 3332 744 3415 habitare,
767 3348 822 3399 ant
843 3359 916 3399 cum
934 3361 998 3422 quo
1018 3357 1085 3402 esse
1103 3337 1277 3436 voluerii,

156 3421 274 3484 habeat
289 3422 472 3498 licentiam:
494 3427 525 3480 et
539 3419 649 3480 nullus
663 3441 731 3480 eam
745 3421 785 3481 ad
796 3420 982 3499 servitium,
1004 3423 1258 3508 autperseadii‘·
1281 3443 1283 3448 “

153 3526 227 3567 cere
250 3512 441 3585 praesumat,
467 3501 564 3563 ant‘d
591 3502 683 3563 nobis
707 3511 815 3584 petere
841 3512 987 3569 conetur.
1133 3513 1164 3586 Ἰ
1203 3505 1251 3540 “¹²

236 3588 296 3653 Vl.
336 3590 385 3648 De
412 3583 548 3648 monetis
574 3584 751 3646 solidorum
770 3583 984 3667 praecipimus
1008 3591 1196 3672 custodire,
1219 3601 1256 3658 ut

152 3691 247 3732 omne
269 3689 384 3732 aurum
404 3669 622 3751 quodcunque
638 3667 823 3749 pensaverit
840 3667 1023 3749 accipiatur,
1038 3667 1165 3752 praeter
1176 3655 1256 3754 'qia'-

151 3761 226 3814 tuor
249 3763 374 3815 tautum
395 3761 538 3813 monetas
561 3748 765 3824 Valentiaui,
788 3751 1004 3828 Genaveusis,
1027 3763 1058 3813 et
1080 3755 1254 3834 Gothium,

151 3834 209 3915 qui
234 3856 252 3894 a
277 3845 421 3918 tempore
445 3831 566 3904 Alarici
597 3831 683 3913 regis
710 3830 850 3892 adaerati
874 3839 960 3910 sunt,
987 3844 1019 3895 et
1030 3833 1253 3900 Ardaricanos.

151 3916 250 3994 Quod
274 3916 301 3978 si
328 3917 530 3998 quiscunque
557 3923 685 3995 praeter
708 3913 781 3975 istas
830 3923 946 3976 natuor
973 3927 1117 3980 monetes
1140 3940 1255 4008 qurum

149 4007 320 4080 pensatum
344 4007 410 4060 non
437 3995 608 4080 acceperit,
628 3994 717 4080 quod
739 3936 888 4066 vendere
905 3997 1034 4065 volebat
1053 4020 1120 4071 uon
1137 3999 1254 4089 ppcpp,

151 4089 185 4140 to
209 4080 315 4164 pretio
339 4079 463 4164 perdat.
1204 4073 1248 4170 If„

232 4161 308 4228 Vll.
350 4162 385 4224 Si
406 4161 479 4244 quis
498 4153 722 4227 fideiussorem
739 4160 919 4245 acceperit,
942 4169 974 4222 et
995 4171 1068 4222 ante
1093 4147 1167 4248 enin
1191 4159 1254 4252 ³13,

149 4263 266 4309 uocare
282 4243 542 4331 praesumpserit,
562 4265 660 4328 quam
679 4255 844 4308 auctorem
864 4264 969 4324 suum,
992 4264 1065 4306 cnm
1078 4185 1256 4340 quopiqq
