2900 5020
411 229 943 323 nn1oruuruaouamcrnnors
1155 329 1159 342 .
1193 241 1265 320 397
1345 291 1347 296 .
1446 237 1447 270 ³

161 431 300 476 unorum
316 407 472 473 sustineat
489 402 685 467 detentionis
705 401 876 480 iniuriam,
896 409 952 462 aut
970 400 1012 462 ad
1030 397 1189 463 iudicium
1206 403 1265 466 de·
1293 445 1295 452 ,

161 497 314 571 ducatur,
343 492 397 554 vel
421 490 455 550 in
479 487 603 572 privata
627 486 783 546 habeatur
806 483 981 547 cuiuslibet
1004 485 1265 569 praesumptione

162 574 318 641 custodia.

245 655 303 722 lx.
345 651 473 734 Siquis
495 647 881 730 autemaliquideorum
912 645 1093 724 admiserit,
1123 647 1165 708 ad
1192 648 1265 710 vio·
1320 721 1323 726 1

160 738 280 802 tentiae
296 756 452 820 poenam,
473 754 555 816 quae
572 732 715 815 capitalis
730 742 793 810 est,
827 751 861 794 se
885 754 951 794 nou
979 731 1104 795 dubitet
1124 750 1191 791 esse
1219 753 1268 791 ra·

186 822 326 884 ieudam.

160 845 182 906 P
244 904 283 966 X.
323 893 600 978 *Qualemcunque
631 893 805 956 cuiuslibet
832 895 881 958 rei
910 915 1122 979 possessorem
1150 915 1268 957 conve-

162 985 227 1046 niri
248 981 415 1044 iudiciaria
437 980 623 1042 auctoritate
645 977 865 1052 deceruimus,
900 990 932 1041 et
958 976 1119 1059 expectari
1141 998 1268 1060 semper

162 1068 245 1129 iuste
267 1063 459 1147 cognitionis
482 1070 626 1124 eventus.
669 1059 766 1135 Quod
786 1060 813 1120 si
834 1061 906 1141 qais
920 1061 1181 1143 qualemcunque
1199 1082 1255 1141 pos

162 1170 316 1212 sessorem
337 1143 534 1227 possessione
555 1142 728 1216 deiecerit,
757 1142 976 1219 amissionem,
997 1163 1056 1224 pro
1076 1149 1162 1202 tanta
1178 1163 1268 1224 prae·

163 1230 365 1314 sumptione,
386 1227 436 1288 vel
458 1226 563 1286 bonae
582 1223 648 1285 litis
674 1222 835 1297 incurrat;
864 1227 1036 1287 reformata
1056 1222 1181 1284 scilicet
1200 1245 1270 1306 pos-

161 1313 301 1376 sessione
318 1331 414 1392 quam
431 1306 653 1388 occupaverit,
676 1306 799 1368 fructus
820 1329 950 1390 quoque
969 1306 1086 1388 duplos
1102 1327 1160 1388 pro
1179 1317 1269 1366 tauta

162 1394 340 1458 temeritate
361 1390 529 1474 persolvat.
573 1385 669 1465 Quod
685 1387 711 1447 si
721 1387 819 1460 ‚illam
838 1390 1072 1472 possessionem
1092 1409 1269 1470 occupave-

160 1477 221 1556 rit,
249 1494 331 1558 quae
359 1471 464 1534 eidem
489 1470 621 1532 minime
645 1469 840 1549 debebatur,
873 1473 956 1533 lianc
982 1492 1120 1554 poenam
1141 1471 1267 1548 habeat,

161 1568 199 1620 ut
220 1566 252 1620 et
271 1578 340 1618 rem
361 1577 435 1616 cum
455 1553 612 1614 fructibus
635 1551 668 1610 in
691 1573 729 1612 eo
745 1563 826 1614 statu
840 1554 970 1615 domino
985 1554 1100 1615 reddat
1113 1552 1268 1629 invasam,

162 1651 195 1704 et
220 1637 472 1700 aestimationem
495 1636 543 1696 rei
567 1655 718 1716 pervasae
741 1635 849 1697 subire
874 1647 1023 1718 cogatur,
1038 1635 1119 1696 ,fisci
1141 1636 1268 1696 iuribus

160 1723 371 1807 profuturam.
414 1717 515 1780 Cuius
536 1715 658 1777 decreti
687 1715 763 1776 iusti
785 1728 882 1798 atque
906 1717 1046 1802 'legitimi
1073 1739 1182 1780 omnes
1210 1739 1269 1800 per

162 1801 344 1888 provincias
366 1799 509 1876 iudices,
540 1806 572 1860 et
589 1796 668 1859 urbe
694 1798 875 1859 venerabili
896 1800 1108 1876 constitutos,
1136 1801 1189 1862 vel
1211 1821 1272 1866 eos
1353 1797 1354 1802 ’

162 1907 236 1947 rum
257 1883 381 1959 officia,
403 1881 550 1942 iubemus
568 1899 635 1940 esse
652 1881 816 1942 custodes:
840 1882 883 1942 ita
903 1893 938 1944 ut
956 1882 982 1944 si
1000 1881 1126 1964 aliquid
1150 1883 1267 1943 extite-

162 1969 224 2038 rit,
256 1986 320 2047 quo
339 1985 372 2026 se
392 1970 507 2050 putent
524 1961 699 2043 exigendae
724 1964 862 2024 mulctae
885 1965 1033 2048 superius
1056 1964 1271 2048 comprehen-

162 2070 214 2111 sae
233 2069 324 2130 pares
339 2067 405 2107 esse
423 2067 488 2106 non
504 2066 615 2124 posse,
635 2042 826 2105 relationem
847 2047 887 2106 ad
903 2045 1020 2108 scrinia
1035 2055 1142 2105 nostra
1163 2057 1269 2107 traus-

163 2131 309 2207 mittaut,
341 2136 378 2190 ut
397 2150 420 2214 ,a
439 2126 548 2206 uobis,
581 2126 609 2188 si
631 2125 712 2187 ratio
736 2129 936 2212 poposcerit,
966 2127 1139 2192 districtius
1161 2125 1269 2191 vindi-

162 2224 264 2276 cetur.

242 2291 302 2356 XI.
343 2289 439 2370 Quod
458 2289 484 2354 si
506 2310 669 2372 possessor
685 2289 829 2372 pulsatus
848 2289 993 2372 legibus,
1026 2313 1091 2352 nou
1113 2289 1269 2354 reddide-

161 2377 205 2438 rit
224 2397 293 2438 rem
321 2373 471 2456 petitam,
504 2382 536 2434 et
562 2374 620 2433 sab
649 2373 843 2454 cognitionis
869 2383 988 2436 eventu
1013 2375 1166 2436 adversus
1193 2397 1268 2436 eum

161 2459 286 2542 legibus
313 2458 413 2517 fuerit
437 2457 502 2516 lata
529 2455 716 2533 sententia,
747 2477 765 2514 a
791 2455 843 2516 die
872 2476 935 2536 qua
959 2478 1019 2538 per
1045 2457 1269 2518 auctoritatem

161 2550 340 2604 conventus
358 2547 416 2617 est,
438 2548 471 2599 et
487 2536 575 2597 dedit
588 2558 787 2620 responsum,
808 2559 962 2621 expensas
980 2538 1046 2600 litis
1060 2540 1110 2601 vel
1124 2548 1269 2622 sumptus

160 2623 263 2686 victus
277 2620 431 2688 exsolvat.
471 2619 539 2682 Hoc
552 2619 696 2682 remedio
713 2619 785 2698 fiet,
808 2629 845 2682 ut
862 2620 897 2680 in
915 2621 997 2682 mala
1012 2643 1123 2683 caussa
1141 2623 1270 2684 nullum

162 2705 287 2786 litigare
306 2703 455 2765 delectet.

243 2783 315 2849 th.
357 2787 421 2863 Qui
437 2804 495 2865 per
510 2781 643 2866 triginta
661 2804 762 2844 annos
778 2782 957 2865 quamlibet
974 2805 1043 2846 rem
1061 2783 1181 2868 iugiter
1197 2792 1268 2868 pos·

161 2865 266 2930 sidere
290 2866 390 2926 faerit
408 2864 617 2944 adprobatus,
641 2887 748 2948 neque
770 2865 920 2947 publico,
943 2887 1050 2946 neque
1066 2871 1189 2950 privato
1206 2891 1268 2929 no-

162 2948 249 3010 mine
265 2947 405 3030 patiatur
416 2948 556 3028 aliquam
569 2949 698 3029 penitas
716 2948 945 3030 quaestionem.
986 2949 1058 3012 Tali
1074 2959 1180 3011 autem
1197 2943 1255 3033 p'os

162 3032 276 3093 sessori
300 3033 334 3106 v)
355 3031 450 3090 etiam
471 3038 636 3090 auctorum
659 3041 949 3112 proauctorumque
975 3051 1106 3092 suorum
1125 3041 1269 3116 tempora

162 3112 340 3176 secundum
356 3111 443 3193 leges
458 3111 614 3192 proficere
628 3112 946 3176 deberejcensemus:
968 3111 1053 3175 illud
1067 3115 1268 3193 adiicientes,

164 3205 199 3256 ut
218 3193 245 3255 si
266 3195 361 3270 (intra
373 3192 505 3275 triginta
522 3215 622 3256 anuos
643 3204 727 3255 mota
745 3194 784 3259 lis
801 3195 903 3258 fuerit
920 3199 983 3274 w),
1006 3217 1067 3262 uec
1088 3197 1195 3275 finita,
1216 3221 1268 3258 su·

160 3275 354 3361 perveniens
380 3275 546 3336 conclusio
573 3277 703 3358 triginta
730 3298 908 3354 annorum,
944 3279 1078 3339 eandem
1106 3280 1176 3341 sine
1206 3280 1268 3340 ali-

162 3380 226 3442 qua
246 3357 445 3420 dubitatione
466 3369 647 3418 consumat:
680 3361 756 3440 quia
781 3359 881 3422 cuivis
902 3359 976 3420 satis
997 3361 1155 3423 credimus
1168 3362 1268 3423 abun·

162 3443 268 3522 deque
284 3439 450 3517 sulficere,
473 3439 557 3500 intra
571 3442 666 3501 XXX.
690 3464 791 3504 annos
808 3448 839 3502 et
856 3442 999 3502 actiones
1015 3465 1086 3504 suas
1100 3444 1160 3505 rite
1182 3467 1267 3506 com·

160 3543 303 3607 ponere,
331 3530 364 3582 et
386 3543 437 3582 eas
452 3522 583 3604 publico
606 3523 746 3592 iudicio,
769 3525 822 3586 vel
840 3524 965 3606 privata
986 3524 1267 3610 definitioueper·

162 3626 265 3687 agere.
315 3605 363 3663 lta
384 3613 424 3665 ut
449 3605 535 3665 circa
553 3606 750 3688 pupillarem
776 3614 912 3666 aetatem
935 3604 1105 3689 privilegia
1126 3607 1268 3692 antiquis

161 3686 217 3750 vel
243 3686 382 3747 novellis
403 3685 529 3770 legibus
551 3708 720 3764 concessa,
742 3696 931 3766 serventur,
954 3687 1006 3748 vel
1029 3689 1115 3751 circa
1135 3708 1189 3751 eos
1209 3689 1267 3772 qui

162 3790 203 3830 ex
222 3788 288 3848 quo
306 3777 487 3850 competere
506 3777 654 3850 poteraut
669 3779 739 3852 post
763 3769 951 3831 vicesimum
971 3775 1003 3830 et
1030 3771 1182 3864 quintum
1208 3794 1265 3831 au-

163 3871 241 3910 num
275 3849 359 3910 iutra
388 3849 583 3914 tricesimum
609 3873 682 3914 suas
708 3851 833 3935 legibus
858 3861 1087 3937 proposuerint
1116 3853 1270 3934 actiones-¹

157 4149 255 4292 mre?
273 4152 350 4206 liud.
367 4153 526 4226 prm'ersori.
609 4149 647 4216 ael
675 4153 816 4214 a1.uura
841 4155 960 4227 triginta
982 4170 1120 4210 annonam
1142 4157 1268 4212 mortalia

225 4243 234 4276 Ι
