2906 5008
339 289 444 360 mers
462 298 734 355 enruvnnronun
752 297 823 352 r1r.
843 299 881 350 n.
901 297 974 353 cir.
995 295 1041 353 r1.
1058 373 1059 382 Ν
1177 271 1248 354 rot

225 445 280 510 IV.
324 443 373 502 De
392 438 570 500 minoribus
589 445 697 500 antem
717 435 919 517 hominibus,
942 437 969 498 si
991 434 1026 498 i'n
1047 435 1137 504 hoste
1155 459 1250 504 wan·

144 529 254 594 dalum
275 523 513 600 commiserint,
535 519 568 580 in
584 519 683 582 Ducis
701 520 742 583 sit
764 528 938 603 potestate,
960 521 1090 603 qualern
1111 542 1251 606 poenam

144 612 333 677 sustineant.
1243 616 1253 642 ·'

226 695 265 756 V.
307 693 350 752 Et
375 688 432 748 ille
454 707 530 748 nens
555 682 764 746 eradicandus
796 693 859 762 est,
888 693 925 746 ut
954 707 1020 750 nou
1048 687 1111 752 tint.
1160 687 1250 750 Solet

146 775 234 838 enim
251 782 383 858 propter
400 769 517 852 pabula
535 787 693 848 equorum
708 768 761 828 vel
777 775 909 849 propter
923 768 1011 851 ligna
1033 771 1104 831 fieri
1118 770 1251 848 scanda-

146 860 232 934 lnm,
263 854 392 939 qnando
419 849 521 932 aliqui
543 848 717 910 defendere
736 853 851 911 volunt
875 872 961 914 ereas
982 852 1033 912 rel
1054 852 1173 930 scuriae
1192 853 1251 914 ubi

146 941 281 1000 foenum
303 938 354 998 vel
380 955 514 1016 granum
542 931 723 995 inveniunt.
741 957 745 964 ⁴
765 935 833 994 Hoc
857 933 1030 994 vetandum
1051 944 1098 995 est
1123 955 1163 995 ne
1187 936 1252 999 liat.

105 1027 110 1034 “
149 1025 194 1082 Ut
212 1021 239 1081 si
260 1020 333 1114 quis
350 1015 511 1078 invenerit
532 1012 650 1096 pabula
669 1013 720 1074 vel
744 1015 851 1096 ligna,
872 1016 965 1076 tollat
983 1026 1139 1099 quantum
1159 1018 1252 1096 vult,

151 1111 185 1165 et
196 1121 356 1164 nemmem
365 1105 450 1161 vetet
468 1095 616 1172 tollendi,
630 1102 666 1154 nt
679 1116 738 1176 per
749 1095 811 1158 hoo
820 1098 1006 1158 scandalum
1019 1119 1083 1157 non
1097 1109 1253 1167 nascatur.

232 1187 289 1250 VI,
332 1181 364 1241 si
385 1181 458 1261 quis
477 1180 539 1240 hoc
557 1197 651 1238 ausus
676 1178 777 1239 suerit
798 1180 925 1257 facere,
956 1191 1011 1240 aut
1028 1181 1250 1243 contradicere

149 1267 273 1350 aliquid
289 1264 378 1348 quod
399 1265 452 1323 lex
470 1271 572 1334 vetat,
595 1259 651 1320 ille
668 1269 764 1339 tune,
787 1262 813 1324 si
835 1263 986 1324 inventus
1004 1264 1123 1340 fuerit,
1145 1285 1253 1335 eoram

146 1353 238 1412 Duce
258 1346 448 1427 disciplinae
469 1343 579 1404 hostili
601 1341 779 1423 subiaceat,
805 1345 858 1406 vel
880 1353 955 1406 ante
979 1346 1137 1406 Comitem
1158 1367 1252 1406 suum

147 1430 382 1514 quinquaginta
398 1436 552 1509 gemaetas
566 1435 624 1509 q),
647 1425 679 1487 id
696 1432 758 1504 est,
780 1427 1015 1512 quinquaginta
1027 1429 1252 1514 percussiones

139 1515 292 1598 accipiat.

148 1665 224 1728 Car.
245 1658 287 1726 V.
329 1658 454 1740 Siquis
474 1655 561 1740 infra
579 1658 789 1741 provinciam,
812 1658 866 1719 nbi
889 1657 970 1720 Dux
994 1660 1170 1720 exercitum
1193 1679 1249 1724 or·

241 1742 408 1820 dicaverit,
429 1743 496 1802 sine
517 1743 616 1802 Ducis
645 1742 782 1802 iussione
803 1738 927 1823 aliquid
944 1741 1161 1825 praedaverit.

231 1891 258 1954 I.
300 1890 335 1952 Si
360 1889 433 1973 quis
459 1888 493 1949 in
522 1888 667 1952 exercitu
694 1889 778 1950 infre
797 1888 995 1972 provinciam
1016 1889 1087 1952 sine
1108 1888 1250 1954 iussione

147 1975 247 2040 Ducis
264 1972 313 2036 sui
334 1993 392 2055 per
407 1973 536 2053 fortiam
553 1970 703 2032 hostilem
727 1971 851 2054 aliquid
875 1972 1070 2057 depraedare
1094 1973 1251 2050 voluerit,

148 2068 204 2120 ant
226 2059 359 2118 foenum
382 2055 497 2116 tollere
526 2062 581 2113 aut
607 2073 757 2136 granum,
784 2054 835 2114 vel
859 2075 945 2116 casus
967 2054 1161 2132 incendere,
1188 2055 1252 2116 hoe

148 2139 281 2202 omnino
311 2137 505 2199 detestamur
533 2157 574 2196 ne
591 2137 655 2197 fiat.
696 2137 738 2198 Et
756 2136 872 2198 exinde
886 2158 994 2198 curam
1008 2136 1124 2199 habeat
1138 2139 1252 2199 Comes

149 2225 184 2284 in
201 2243 259 2284 suo
277 2220 438 2286 comitatu.
478 2220 582 2281 Ponat
596 2217 684 2279 enim
700 2217 935 2280 ordinationem
951 2240 1041 2281 suam
1060 2222 1253 2302 superCen-

147 2305 294 2368 turinnes
324 2312 355 2363 et
377 2305 544 2378 Decorus,
572 2309 604 2362 et
631 2299 854 2382 unusquisque
881 2301 1052 2386 provideat
1071 2324 1145 2366 suos
1171 2323 1252 2385 quos

146 2389 248 2472 regit,
270 2395 432 2447 utcontra
451 2385 556 2466 legem
568 2403 641 2444 non
664 2383 792 2444 fociant.
998 2457 999 2462 η
1152 2419 1160 2434 .

237 2469 281 2530 ΙΙ.
323 2466 408 2530 Etsi
425 2465 542 2547 aliquis
562 2474 844 2548 praesumptuosus
859 2463 922 2529 hoo
937 2465 1071 2548 feeerit,
1092 2467 1252 2532 aComite

148 2550 208 2613 illo
227 2550 268 2613 s'it
287 2549 521 2630 requirendum
538 2549 629 2609 cuiue
647 2547 744 2620 homo
761 2549 825 2610 hoo
839 2549 927 2616 fecit.
1244 2604 1248 2610 .

232 2633 292 2695 111.
335 2633 377 2691 Et
390 2631 417 2693 si
430 2629 487 2693 ille
497 2631 615 2692 Comes
626 2630 804 2713 neglexerit
818 2630 984 2713 inquirere
999 2629 1071 2714 quis
1085 2628 1148 2693 hoe
1162 2632 1253 2709 fecit,

149 2715 213 2858 illi
231 2713 338 2776 omnia
355 2713 394 2776 de
413 2713 479 2777 suis
498 2712 595 2775 rebus
614 2713 774 2786 restituat3
796 2722 903 2777 tamen
920 2723 1045 2799 tempus
1061 2713 1254 2796 requirendi
1285 2777 1286 2782 ,

216 2806 276 2858 eat.
457 2805 460 2812 '

231 2881 290 2942 IV.
331 2879 373 2940 Et
389 2876 416 2938 si
432 2875 506 2938 talis
521 2876 618 2936 homo
634 2886 748 2959 potens
765 2873 828 2938 hoc
846 2875 977 2954 feeerit,
998 2899 1096 2962 quem
1115 2878 1173 2942 ille
1189 2879 1253 2941 Co-

150 2983 217 3023 mes
237 2959 426 3043 distringere
455 2967 668 3040 non-potest,
690 2968 769 3021 tuno
796 2959 881 3021 dieat
906 2959 992 3021 Duoi
1016 2982 1095 3042 suo,
1125 2971 1157 3026 et
1179 2963 1253 3024 Dux

149 3045 246 3106 illum
266 3043 433 3123 distringat
450 3041 627 3102 secundum
648 3043 762 3123 legem.

232 3124 274 3193 V.
315 3124 451 3208 Siliber
473 3131 539 3201 est,
571 3124 782 3206 quadraginta
807 3121 919 3188 solidis
942 3121 984 3186 sit
1007 3123 1199 3212 culpabilis,
1221 3135 1254 3188 et

150 3209 257 3272 omnia
274 3207 391 3270 similia
409 3206 563 3268 restituat.

230 3293 290 3358 VI.
331 3291 363 3350 si
391 3310 501 3350 servus
526 3287 589 3349 hoc
617 3284 750 3364 fecerit,
779 3286 908 3368 capitali
932 3288 1095 3352 subiaceat
1119 3301 1252 3354 senten-

148 3372 213 3433 tiae
227 3381 267 3445 r).
294 3371 451 3434 Dominus
464 3391 541 3433 vero
556 3369 624 3432 eius
635 3368 742 3430 omnia
753 3369 870 3431 similia
882 3373 1045 3450 restituat,
1067 3373 1144 3455 quia
1158 3395 1253 3436 servo

146 3476 209 3516 sno
230 3476 295 3516 non
317 3453 508 3516 contestatio
524 3461 560 3512 ut
575 3452 649 3512 talin
668 3472 733 3512 non
756 3453 886 3520 faceret.
929 3455 1014 3533 Quia
1032 3455 1059 3518 si
1081 3457 1251 3541 vosmetip-

149 3559 201 3599 sos
223 3536 408 3612 comeditis,
430 3534 495 3598 cito
518 3533 682 3596 deficietis.

230 3619 305 3681 VII.
348 3613 462 3683 Comes
488 3626 594 3678 tamen
621 3637 686 3676 non
715 3615 863 3699 neglegat
888 3617 1050 3682 custodire
1073 3620 1251 3686 exercitum

149 3723 261 3780 sunm,
284 3710 404 3762 utnon
425 3699 545 3760 saciant
567 3708 678 3758 contra
698 3698 804 3782 legem
819 3700 852 3758 in
869 3700 1035 3782 provincia
1052 3723 1119 3765 sua.

254 3817 330 3878 Car.
349 3815 407 3882 vt.
447 3815 485 3875 Si
514 3815 585 3895 quis
615 3815 650 3876 in
670 3816 813 3876 exercitu
834 3815 958 3901 aliquid
969 3815 1146 3898 furaverit.

231 3929 257 3994 1.
298 3929 331 3991 si
349 3928 472 4012 quirin
490 3927 637 3990 exercitu
653 3928 778 4013 aliquid
795 3929 972 4011 furaverit,
993 3932 1181 4018 pastoriam,
1203 3941 1253 3996 ea·

227 4167 259 4241 q)
274 4169 317 4225 At,
334 4173 394 4221 mss'.
412 4180 555 4236 gamaotar
582 4169 710 4242 accipiat.
753 4167 863 4239 Heroltl.
889 4167 950 4225 XL.
973 4181 1116 4242 sumuntur
1133 4172 1251 4244 πεῖραι.

151 4235 179 4308 r)
194 4237 236 4294 ΔΙ.
256 4256 324 4294 mss„
336 4239 455 4294 crimini.
