2906 5008
236 287 316 363 212·
500 308 602 366 lueis
621 309 896 366 ueauauuonim
916 311 986 366 τιτ.
1006 253 1087 373 un.

294 454 383 523 Tm.
410 451 492 531 XL,
541 449 638 550 (tl.)
687 453 745 526 De
769 454 968 546 patricidiis
994 467 1033 524 et
1064 453 1288 535 fratricidiis.

318 581 353 642 Si
375 581 447 664 quis
467 579 563 640 homo
591 581 704 644 volens
735 581 890 642 occiderit
915 592 1039 664 patrem
1068 605 1179 664 suum,
1208 598 1264 649 eut
1283 609 1350 672 pa-

234 676 344 728 truum
365 685 470 741 suum,
493 672 548 723 aut
567 663 699 723 fratrem
720 686 823 743 suum,
847 675 902 726 aut
923 665 1122 727 avunculum
1142 690 1256 748 suum,
1286 681 1350 731 aut

233 749 340 810 filium
360 746 467 808 fratris
489 745 551 824 sni,
574 754 629 804 aut
650 745 752 806 filium
782 748 936 808 avunculi
966 748 1031 824 sui,
1067 753 1142 825 (aut
1162 751 1266 811 filium
1287 775 1350 834 pa·

232 832 299 892 troi
322 830 372 891 sui
394 829 448 906 d),
472 839 526 888 aut
547 838 680 887 matrem
701 851 802 901 suam,
826 841 879 890 aut
900 852 1043 892 sororem
1065 854 1173 909 suam,
1205 856 1352 916 cognos-

233 924 283 974 cat
303 935 337 974 se
360 922 470 973 contra
492 911 597 970 Deum
620 910 731 991 egisse,
755 922 786 972 et
804 914 982 974 secundum
1003 913 1176 978 iussionem
1198 917 1259 976 Dei
1273 918 1351 976 fra-

231 996 417 1058 ternitatem
445 1014 510 1054 non
537 994 731 1066 custodisse,
754 1004 786 1055 et
809 995 842 1054 in
865 997 970 1056 Deum
990 995 1131 1078 graviter
1152 999 1349 1079 deliquisse,

126 1091 130 1104 '
231 1088 392 1142 eteorum
414 1075 562 1138 omnibus
594 1076 781 1159 parentibus
804 1077 874 1138 eius
894 1101 945 1138 res
975 1079 1044 1138 eius
1067 1079 1276 1158 infiscentur,
1314 1093 1351 1143 et

186 1182 189 1192 ·
231 1161 316 1222 nihil
338 1161 377 1220 ad
400 1158 536 1220 heredes
559 1159 628 1220 eius
656 1158 815 1239 pertineat
843 1161 996 1244 amplius,
1025 1161 1258 1244 poeniteutiam
1279 1186 1351 1224 au-

230 1254 295 1304 tem
317 1243 496 1305 secundum
517 1261 658 1302 canones
681 1251 762 1323 agat.

229 1362 319 1433 Tt'r.
347 1359 447 1431 XLI.
499 1359 594 1441 (dt.)
648 1359 702 1427 Ut
733 1360 853 1428 nullus
888 1385 1028 1432 caussas
1062 1365 1189 1435 audire
1223 1389 1348 1460 prae-

374 1470 492 1550 sumat
517 1460 585 1527 nisi
617 1459 677 1553 qui
704 1459 725 1526 al
749 1460 852 1527 Duce
878 1465 1092 1532 constitutus
1119 1477 1182 1533 est.

295 1591 334 1656 Ἰ.
375 1589 490 1649 Nullus
512 1608 621 1648 causas
640 1586 751 1647 audire
773 1599 953 1669 praesumat
974 1590 1034 1652 nisi
1057 1590 1113 1672 qui
1135 1592 1152 1652 t
1173 1593 1264 1654 Duce
1278 1616 1349 1676 per

226 1673 479 1735 conventionem
496 1670 608 1751 populi
632 1670 730 1730 iudex
753 1672 946 1734 constitutus
969 1682 1074 1734 estut
1100 1695 1223 1734 caussas
1254 1676 1348 1736 iudi-

226 1763 298 1833 ce't,
321 1755 377 1836 qni
400 1775 460 1815 nec
478 1752 666 1828 mentiosus,
690 1773 750 1812 nec
771 1754 969 1834 periuratos,
994 1777 1055 1816 nec
1076 1778 1247 1816 munerum
1281 1781 1346 1819 ac-

225 1850 336 1919 ceptor
365 1837 427 1912 sit,
458 1836 515 1896 sed
543 1857 666 1896 caussas
696 1837 873 1896 secundum
901 1838 1007 1918 legem
1030 1839 1186 1902 veraciter
1210 1841 1344 1902 iudicet

225 1922 293 1981 sine
322 1918 509 2000 acceptione
535 1938 763 2000 personarum,
804 1926 834 1977 et
860 1920 976 1982 timens
1001 1922 1105 1982 Deum
1130 1922 1180 1982 sit.
1242 1925 1341 1986 Etsi

223 2005 306 2064 iuste
334 1998 536 2076 iudicaverit,
559 2002 669 2060 credat
689 2022 722 2060 se
744 2000 828 2082 apud
852 2003 957 2062 Deum
980 2006 1163 2067 mercedem
1185 2005 1339 2088 recipere

223 2097 255 2147 et
282 2085 411 2144 laudem
440 2084 524 2164 apud
551 2082 697 2142 homiues
718 2083 835 2142 honam
854 2085 1027 2164 possidere.
1177 2081 1180 2088 ’

308 2169 348 2231 ll.
391 2167 425 2226 Si
448 2175 554 2225 autem
574 2187 632 2246 per
656 2165 864 2246 cupiditatem
886 2177 941 2227 aut
967 2190 1025 2247 per
1046 2167 1205 2230 invidiam
1227 2169 1338 2231 alicu-

225 2250 275 2309 ius
301 2259 356 2308 ant
382 2270 440 2330 per
467 2249 615 2308 timorem
643 2259 753 2307 contra
781 2247 885 2328 legem
915 2250 1127 2323 iudicaverit,
1159 2265 1338 2332 cognoscat

223 2354 257 2392 sc
280 2330 466 2410 deliquisse,
490 2340 522 2390 et
546 2329 716 2390 duodecim
743 2329 855 2390 solidis
876 2331 918 2392 sit
939 2332 1120 2414 culpabilis,
1142 2334 1195 2394 cui
1211 2334 1337 2398 iniuste

224 2414 399 2484 iudicavit;
429 2423 461 2473 ot
492 2411 580 2492 quod
613 2432 672 2492 per
700 2412 793 2472 illum
818 2413 970 2474 damnum
997 2426 1181 2499 passusest
1201 2415 1337 2496 iniuste,

225 2498 281 2558 ille
304 2497 405 2557 iudex
427 2496 574 2559 restituat
596 2497 637 2560 ei,

309 2579 370 2640 ΙΙΙ.
414 2579 447 2638 Si
474 2587 580 2636 autom
606 2578 662 2637 ille
691 2576 747 2658 qui
770 2577 926 2638 iudicium
956 2578 1067 2639 audire
1098 2578 1211 2658 debet,
1243 2581 1336 2644 illius

219 2663 281 2746 ,qui
304 2661 343 2722 ud
366 2659 574 2721 iudicandum
596 2660 785 2720 constitutus
808 2671 855 2720 est
875 2660 1032 2722 iudicium
1048 2664 1237 2741 contemnit,
1256 2665 1337 2724 dum

225 2749 283 2807 ille
306 2745 388 2805 iuste
411 2742 602 2804 iudicaverit
623 2753 655 2802 et
675 2743 866 2823 dedignatur
896 2759 929 2802 et
952 2764 1025 2804 eum
1047 2745 1169 2825 andire,
1193 2757 1225 2808 et
1247 2770 1338 2829 sper·

226 2830 276 2896 nit
297 2851 382 2905 eum,
405 2837 436 2888 et
457 2826 563 2906 arguit
587 2846 693 2885 coram
715 2826 797 2900 aliis,
820 2836 851 2885 et
869 2825 966 2888 dicit:
1001 2827 1072 2886 Non
1090 2837 1178 2890 recte
1198 2829 1336 2908 iudicas,

226 2913 303 2974 daim
325 2911 381 2972 ille
401 2917 487 2970 recte
504 2908 634 2985 iudicat,
656 2916 687 2968 et
706 2907 731 2966 si
750 2907 809 2967 hoc
827 2908 865 2966 ab
878 2907 948 2968 aliis
962 2907 1122 2969 iudicibus
1142 2911 1336 2990 inquisitum

225 2994 335 3068 fuerit,
358 2993 446 3074 quod
471 2992 525 3050 illc
542 2992 621 3050 iuste
646 2988 817 3066 indicavit,
840 2990 896 3048 ille
928 3001 1129 3072 contemptor
1153 2997 1209 3074 qui
1231 2995 1335 3056 iudici

227 3077 380 3138 iniuriam
403 3074 490 3148 fecit,
512 3074 615 3134 solvat
632 3072 800 3132 duodecim
826 3071 945 3134 solidos
971 3073 1071 3133 iudici
1094 3074 1171 3154 illo,
1202 3087 1247 3146 et·
1262 3088 1335 3160 post

228 3159 310 3218 haec
342 3177 405 3215 non
434 3164 618 3215 contemnat
645 3155 755 3213 audire
788 3153 908 3214 iustum
938 3155 1093 3216 iudicium
1112 3155 1169 3240 f),
1192 3160 1269 3242 quia
1287 3161 1334 3223 sic

230 3240 385 3302 convenit
405 3239 490 3300 Dnci
513 3247 544 3298 et
566 3236 652 3298 omni
674 3236 795 3319 populo
816 3235 850 3295 in
871 3237 1004 3319 publico
1026 3241 1176 3302 concilio.

231 3391 319 3460 TIT.
354 3371 474 3461 XLll.
524 3385 616 3480 (43.)
671 3387 728 3456 De
766 3411 809 3456 eo
843 3389 904 3480 qui
939 3413 1045 3484 saepe
1079 3392 1331 3484 interpellatus

229 3503 284 3559 est
311 3501 395 3557 ante
421 3490 559 3556 Ducem
598 3489 643 3556 de
677 3487 917 3580 qualicunque
953 3492 1111 3559 evidenti
1144 3489 1268 3574 caussa
1294 3506 1331 3562 et

277 3591 460 3660 convictus
485 3585 608 3675 suerit,
629 3610 676 3654 ne
701 3589 745 3654 ad
764 3588 1009 3656 iuramentum
1034 3592 1278 3681 permittatur.

235 3682 239 3686 ⁵
309 3716 337 3778 I.
378 3716 502 3796 Siquis
524 3714 747 3796 interpellatus
768 3722 841 3774 ante
861 3715 1033 3794 Ducemg)
1054 3717 1329 3800 dequalicuuque

227 3822 346 3877 caussa,
368 3800 454 3880 qnod
477 3797 539 3856 iam
561 3796 764 3856 manifestum
789 3805 835 3856 est
855 3797 973 3875 tribus,
1003 3799 1055 3860 vel
1077 3810 1216 3878 quatuor
1236 3805 1329 3862 testi-

224 3883 296 3960 bus,
318 3893 373 3942 aut
394 3881 432 3941 de
455 3879 640 3956 homicidio,
663 3888 718 3938 ant
739 3879 778 3938 de
799 3879 903 3955 furto,
926 3890 979 3940 aut
1001 3882 1040 3942 dc
1067 3883 1176 3962 aliquo
1199 3886 1329 3965 neglec-

224 3977 277 4042 tu,
305 3964 394 4044 quod
417 3962 467 4022 illi
493 3970 648 4024 testantur
671 3960 727 4044 qui
749 3961 829 4023 boni
854 3961 1026 4034 testimonii
1056 3975 1132 4026 suut
1152 3967 1187 4025 iu
1214 3968 1328 4050 plebe,

233 4112 653 4132 μισῇ-*Μ

216 4152 235 4236 ”.
260 4163 262 4166 ¹
295 4189 327 4256 d)
345 4188 497 4242 Desuutin
517 4185 626 4244 Herold.
681 4183 710 4248 e)
729 4184 838 4240 Herold,
867 4185 1002 4259 dedignat.
1053 4189 1096 4260 s)
1114 4192 1157 4245 dl.
1186 4194 1273 4251 codd,
1300 4203 1327 4250 et

223 4261 292 4313 Edit.
321 4253 454 4312 iustitiam
479 4255 590 4312 iusticia.
635 4256 669 4325 ς)
689 4256 765 4307 Liud.
784 4255 908 4310 iudicem.
946 4257 990 4310 Sic
1009 4272 1119 4328 quoquc
1138 4262 1168 4317 iu
1185 4265 1302 4322 rubrica.
