2876 4992
237 263 331 385 ist·
670 287 739 419 cap
774 315 901 378 ssnca

233 461 341 527 minus
359 477 437 520 vcro
454 455 538 520 servi
556 465 652 541 capot
669 458 703 519 in
720 458 772 521 lo-
804 460 897 523 torsit
916 459 942 522 si
967 459 1072 523 adbuc
1091 461 1192 544 lpsnm
1210 482 1326 528 servum

233 543 272 606 co
297 541 469 617 restituat,
499 539 717 620 requerendi‚
743 541 771 602 si
804 552 956 624 torquere
982 543 1124 605 voluerit
1152 555 1182 606 et
1205 549 1327 608 nolente

231 625 334 690 meins
346 622 481 684 crimine
496 638 606 682 servus
624 621 771 704 inculpa·
806 625 935 685 domino
954 626 1089 708 pignus,
1112 627 1239 688 domiuo
1252 630 1326 689 servi

232 717 302 782 tus,
330 706 460 779 idest,
495 702 581 764 unde
609 703 770 784 ingenuus
805 705 874 766 dari
896 706 1000 774 dehet.
1043 709 1085 768 Et
1105 709 1131 769 si
1148 718 1253 792 postea
1272 711 1326 792 ipsi

233 789 371 853 IDCCC.
382 787 449 850 din.
464 783 526 844 hoc
538 794 595 861 est,
607 788 655 846 sul
668 785 769 852 XLV.
803 808 911 849 servus
931 789 970 849 ad
986 789 1156 852 maioribus
1171 792 1325 872 suppliciis

232 890 424 952 componere
438 866 536 949 possit
553 875 585 926 et
597 867 683 927 intra
698 890 770 952 snp-
804 869 967 947 tradatur,
992 881 1024 932 et
1038 871 1065 931 si
1083 875 1243 935 confessus
1259 876 1325 933 fuc-

228 953 328 1042 plicia
344 951 508 1012 confessus
530 948 629 1009 fuerit
641 950 769 1032 capitali
801 952 844 1011 rit
862 950 946 1010 nihil
962 973 1059 1035 super
1082 954 1209 1014 domino
1226 955 1324 1017 credu-

231 1034 395 1098 sentencia
419 1031 564 1095 feriatur.
620 1031 655 1090 Si
691 1053 769 1092 vero
801 1042 863 1097 tur.
905 1033 977 1112 lpse
996 1056 1073 1096 vero
1095 1037 1188 1096 illum
1208 1057 1327 1097 servum

230 1138 342 1180 servus
360 1116 394 1174 in
412 1112 532 1174 colibet
547 1109 683 1174 crimine
697 1113 769 1174 cnl·
802 1115 864 1176 erit
886 1113 1052 1176 habiturus
1071 1119 1128 1200 qni
1148 1135 1223 1178 ‘eum
1243 1119 1326 1178 torsit

228 1209 335 1284 pater,
358 1195 506 1258 dominus
530 1194 615 1256 servi
645 1194 745 1277 ipsius
758 1239 768 1274 ,
787 1196 950 1258 'dominns
975 1198 1059 1259 servi
1083 1200 1171 1260 unde
1194 1201 1258 1260 iem
1279 1201 1325 1282 pi-

229 1283 257 1345 si
276 1299 408 1364 presens
430 1285 493 1353 est,
519 1275 557 1335 ab
578 1296 616 1336 eo
637 1278 694 1358 qui
715 1298 769 1338 rc·
802 1299 883 1360 gnus
902 1281 1025 1362 accepit
1044 1281 1183 1363 pretium
1199 1303 1255 1366 pro
1272 1303 1325 1342 suo

229 1371 344 1448 queret
363 1361 531 1421 admanere
543 1357 642 1435 debit,
661 1369 770 1422 utser-
801 1381 891 1422 servo
911 1362 1037 1444 accipit.

228 1468 304 1508 vum
317 1465 410 1505 sunm
424 1439 524 1502 dibiet
537 1441 769 1522 suppliciisda-
841 1441 875 1501 si
893 1463 971 1504 vero
991 1443 1075 1503 infra
1090 1443 1249 1524 prioribus
1261 1469 1327 1530 sup·

228 1547 276 1606 re,
297 1526 353 1586 ubi
373 1525 445 1608 quis
470 1521 588 1665 repetit
612 1533 643 1584 et
663 1523 768 1605 virgas
799 1523 906 1607 pliciis
929 1524 1029 1586 idest
1048 1525 1150 1586 CXX.
1172 1525 1248 1588 ictos
1265 1531 1327 1588 lue-

228 1619 352 1694 paratas
368 1606 486 1667 habere
531 1604 607 1679 chit,
629 1626 711 1688 quae
729 1605 769 1665 ed
800 1607 842 1667 rit
864 1607 1028 1668 confessus
1046 1615 1100 1668 aut
1113 1615 1265 1671 castretur
1278 1617 1327 1670 aut

229 1687 462 1773 magnitudinis
490 1685 624 1746 minoris
654 1687 768 1769 digiti,
801 1687 859 1755 sol.
881 1687 937 1749 Vl.
957 1689 1069 1748 reddet
1090 1689 1238 1752 dominus
1256 1713 1326 1754 vcro

229 1785 263 1836 et
280 1792 392 1834 senum
422 1777 454 1831 et
471 1789 635 1829 scamnum
659 1790 768 1849 praes·
800 1770 886 1832 servi
915 1770 1022 1853 cupitl.
1049 1771 1196 1833 restituat
1224 1774 1327 1857 requi-

228 1865 284 1934 tet,
295 1853 352 1915 ubi
370 1873 497 1915 seruum
508 1849 641 1912 tendere
659 1850 768 1911 dibiet.
800 1853 911 1918 sentis.

228 1939 264 2000 si
284 1935 433 1999 dominns
453 1954 582 1995 servum
605 1931 768 1992 distulerit
842 1934 961 2014 Siiam
980 1956 1057 1996 vero
1078 1935 1111 1995 in
1135 1935 1254 1998 maiore
1273 1935 1328 1997 cri·
1405 1933 1406 1978 l

229 2031 261 2082 et
276 2023 549 2099 servuspraesens
566 2015 675 2091 fuerit,
694 2036 769 2074 con·
800 2017 886 2076 mine
913 2017 1013 2076 luerit
1034 2019 1218 2101 inculpatus
1246 2019 1326 2078 aude
1405 2025 1406 2038 ¹

226 2103 321 2164 tinuo
338 2101 395 2161 ille
421 2097 479 2180 qni
496 2096 613 2178 repetit
638 2095 768 2156 domiuo
801 2095 908 2178 ingen.
925 2100 983 2164 sol.
996 2101 1091 2164 XLV.
1109 2123 1246 2184 conpon.
1262 2101 1326 2161 deb.

227 2187 297 2246 sole
317 2177 591 2253 colocaredehit,
620 2189 651 2238 et
667 2178 712 2240 sic
731 2178 766 2235 in
799 2180 957 2240 Dominus
984 2181 1066 2242 servi
1103 2183 1130 2242 si
1168 2206 1240 2244 eum
1267 2184 1325 2242 non

227 2266 303 2330 Vll.
318 2273 428 2326 noctes
437 2261 591 2344 placitum
608 2259 706 2320 facire
721 2259 768 2320 di·
798 2265 1033 2342 pr‘esenteverit
1046 2265 1086 2324 ad
1104 2265 1209 2347 ipsum
1226 2286 1327 2324 nume·

226 2349 584 2426 hieutservumsuum
602 2341 769 2425 suppliciis
799 2364 835 2402 ro
865 2365 941 2403 cnm
965 2353 1121 2407 teneatur.
1165 2349 1208 2408 Ut
1231 2347 1326 2427 ipsum

227 2441 267 2492 nt
278 2430 392 2503 tradat,
406 2434 438 2486 et
452 2425 497 2486 sic
515 2425 554 2484 ed
571 2423 768 2488 alteresVll.
799 2446 968 2485 numerum
986 2427 1096 2488 reddat
1113 2437 1144 2490 et
1162 2452 1228 2512 cap.
1243 2431 1274 2490 in
1286 2429 1327 2488 lo·

229 2523 341 2575 noctes
354 2507 507 2592 placitum
527 2506 641 2583 faciet,
668 2505 701 2566 id
721 2512 769 2568 est
799 2528 871 2567 cum
891 2506 1043 2575 restituet.

229 2595 264 2656 in
289 2589 532 2677 quatuordicem
558 2596 667 2650 noctes
697 2607 768 2648 ser·
839 2589 872 2650 Si
891 2590 993 2652 adhuc
1010 2591 1327 2655 meiorcnusafuerit

228 2673 308 2754 unm
332 2672 476 2736 noluerit
498 2668 663 2752 suppliciis
692 2670 767 2730 dare
799 2678 1327 2755 queservosequereturdomiuns
1404 2737 1405 2752 p

230 2781 360 2821 omnem
380 2776 504 2818 causam
530 2753 583 2814 vel
609 2751 768 2833 composi·
799 2754 883 2814 servi
902 2775 966 2814 non
985 2765 1020 2815 ut
1035 2778 1144 2819 servus
1162 2761 1219 2820 sed
1235 2768 1270 2819 ut
1282 2759 1328 2816 in·
1404 2773 1405 2802 ³

230 2833 358 2904 cionem
377 2836 532 2920 excipiet,
552 2833 621 2902 ,boc
638 2843 705 2910 est,
732 2842 769 2893 nt
800 2832 924 2918 genuus
942 2846 1038 2897 totam
1060 2839 1166 2922 legem
1189 2858 1327 2924 superse
1404 2853 1405 2888 1

231 2945 265 2986 se
280 2922 354 2984 talis
370 2940 463 2982 censa
482 2927 557 2993 erat,
578 2915 664 2977 unde
681 2915 770 2998 inge·
799 2917 990 2978 solviturum
1004 2921 1164 3004 suscipiat,

232 3025 316 3066 nnus
336 3001 405 3065 DC.
422 3002 488 3066 din.
503 2997 559 3082 qui
575 2998 699 3059 faciunt
711 2999 769 3059 sol.
841 2999 874 3058 Si
898 3021 1009 3062 servus
1032 3003 1145 3066 absens
1163 3004 1262 3065 fuerit
1281 3001 1328 3062 cni

232 3091 304 3151 XV.
320 3103 523 3165 componere,
543 3079 641 3162 ipsius
666 3080 770 3140 domi·
801 3081 925 3164 aliquid
940 3083 1260 3164 inputaturdominns
1271 3105 1328 3146 ser·

232 3163 770 3242 nnsreddetzsiveromniorculpe
800 3164 831 3223 vi
860 3187 877 3223 a
901 3166 1060 3243 repetenti
1082 3169 1184 3230 tribus
1199 3163 1328 3230 'testibus

232 3250 331 3322 fuerit
348 3245 435 3307 nude
451 3247 611 3327 ingenuus
626 3242 769 3306 ICCCC.
800 3247 1001 3327 presentibus
1016 3251 1168 3310 secretius
1183 3251 1329 3311 admone-

236 3332 302 3392 din.
319 3329 375 3412 qni
400 3328 524 3388 fuciunt
547 3328 604 3392 sol.
632 3325 769 3390 XXXV.
801 3323 971 3392 re'debet.
1014 3333 1055 3390 Ut
1087 3352 1215 3392 servum
1243 3352 1329 3393 suum

233 3421 360 3498 poteret
377 3410 525 3487 reddere,
542 3408 690 3470 similiter
711 3409 770 3468 do·
803 3409 887 3469 infre
919 3419 1040 3490 septem
1074 3424 1185 3475 noctes
1223 3415 1330 3476 debeat

234 3495 341 3554 minus
365 3491 496 3553 reddat:
518 3491 544 3551 si
566 3511 641 3551 vero
666 3489 771 3550 adbuc
800 3501 986 3573 presentare
1008 3503 1039 3553 et
1061 3495 1087 3555 si
1108 3496 1192 3555 infra
1215 3506 1329 3579 septem

234 3577 336 3639 maior
360 3572 454 3656 culpa
481 3572 597 3648 fuerit,
625 3572 714 3654 qnod
732 3571 773 3632 si·
803 3572 950 3634 noctibus
966 3595 1040 3634 eum
1056 3578 1197 3638 noluerit
1210 3597 1331 3660 presen-

234 3658 355 3720 militer
372 3658 531 3738 ingennus
551 3651 694 3717 IDCCC.
714 3653 771 3737 qui
802 3663 869 3715 tere
887 3664 966 3715 tuno
983 3668 1130 3738 repetens
1149 3663 1249 3721 solem
1269 3658 1330 3719 cul·

231 3743 356 3804 faciunt
374 3739 431 3804 sol.
454 3735 554 3803 XLV.
580 3756 771 3818 componere
802 3738 922 3798 caverit
938 3738 995 3800 ille
1017 3761 1091 3800 cum
1111 3743 1242 3806 testibus
1262 3740 1330 3803 cul-

231 3825 332 3909 possit
353 3832 385 3883 et
402 3821 550 3882 dominns
565 3839 692 3881 servum
704 3839 770 3878 non
803 3841 876 3880 care
893 3820 1030 3883 debetet
1050 3824 1095 3884 sic
1115 3825 1155 3884 ed
1169 3827 1244 3885 alies
1266 3845 1331 3906 sep·

141 3895 203 3937 (ἡ
230 3903 495 3990 praesentaverit,
524 3902 563 3963 ed
579 3902 683 3984 ipsum
714 3923 772 3961 nu·
803 3911 868 3964 tem
885 3913 993 3965 noctes
1011 3905 1166 3986 placitum
1180 3907 1283 3973 faciat,

233 4009 357 4053 merum
370 3994 529 4059 teneatur,
539 3983 688 4066 utipsnm
699 3983 771 4044 red·
845 3984 878 4044 Si
897 4008 958 4048 nec
971 3987 1011 4047 ad
1026 3988 1103 4050 alias
1120 4000 1241 4072 septem
1256 4009 1330 4049 uoc-

233 4071 287 4131 ‹let
299 4079 330 4135 et
343 4066 497 4149 capitale:
513 4067 608 4144 Quod
626 4065 652 4126 si
666 4064 770 4126 adhuc
802 4075 849 4127 tes
866 4067 968 4150 ipsum
985 4090 1111 4132 servum
1131 4081 1331 4154 presentave-

217 4147 771 4232 'meiorc'ulpafuerit‚qnodservum
802 4148 846 4209 rit
862 4151 960 4212 tertia
977 4151 1048 4212 vice
1069 4153 1173 4216 adhuc
1192 4154 1331 4238 specium

228 4227 692 4318 requeratur,domiuusservi‚
704 4249 770 4292 nou
801 4240 922 4316 septem
941 4243 1051 4298 noctes
1072 4237 1148 4300 elias
1165 4237 1239 4300 dare
1263 4233 1330 4300 deb.
