2900 5020
343 302 449 382 sams
467 294 759 356 eunounmouun
777 298 850 354 rm.
870 296 993 360 uxvu:
1148 269 1231 358 ttt¹

188 446 231 514 Il.
274 443 355 506 Nam
372 441 464 505 si'ad
485 441 563 505 alias
585 439 713 523 nuptias
737 437 920 518 transierit,
952 439 1060 501 omnia
1086 442 1221 524 perdat:

106 535 180 598 dote
209 539 318 591 tamen
347 549 425 603 sna,
447 547 553 622 ,quarn
581 525 739 622 etmarito
765 545 822 586 suo
848 533 1035 607 acceperat,
1067 526 1224 621 qnpmdiu

104 615 236 692 vixerit,
259 622 386 688 utatur,
408 609 476 670 filio
499 616 698 693 proprietate
721 616 855 672 servata.
1071 612 1085 634 '¹

189 701 271 762 Data
292 694 351 756 sub
370 691 422 755 die
448 691 512 758 III.
533 691 606 756 Kal.
628 690 731 774 April.

107 819 199 890 Tm.
225 812 369 886 LXIII.
402 811 479 881 'De
504 809 574 898 his,
604 811 666 902 qui
696 833 853 880 messem
887 807 927 878 in
958 775 1222 902 granariisfn}

538 911 612 979 rati
643 908 792 978 fuerint.
1129 941 1131 950 ι
1227 929 1230 936 ·

192 1044 221 1112 Ι.
262 1039 329 1122 Qui
347 1060 494 1102 messem
516 1037 551 1098 in
586 1035 742 1120 granariis
770 1037 896 1100 furatus
921 1035 1040 1114 fuerit,
1073 1037 1100 1099 si
1129 1037 1225 1121 inge·
1329 1095 1331 1100 ,

110 1151 196 1191 nnus
219 1135 278 1205 est,
304 1124 472 1207 trigildum
496 1123 620 1184 solvat:
652 1130 685 1185 ct
704 1121 858 1182 mulctam
876 1121 1058 1182 secundnm
1084 1122 1226 1204 qualita-

110 1223 177 1275 tem
226 1229 368 1272 ersonae.

212 1293 238 1360 1,
282 1290 316 1358 Si
339 1309 461 1366 servus,
485 1284 635 1348 dominns
658 1283 718 1368 pro
738 1305 776 1348 eo
801 1284 1087 1370 simplumvsolvat,
1110 1297 1142 1350 et
1158 1291 1224 1374 ser·

76 1395 79 1402 '
111 1399 171 1442 vus
201 1375 291 1438 CCC.
314 1370 448 1434 fustium
469 1369 551 1434 ictus
569 1369 715 1454 accipiat.
979 1456 981 1461 Ι

177 1497 266 1566 TIT.
293 1490 434 1564 LXIV.
487 1491 547 1560 De
572 1490 786 1560 animalibus
813 1490 851 1560 in
878 1513 994 1561 messe
1021 1493 1159 1563 occisis.
1207 1535 1210 1542 ι

193 1622 221 1686 Ι.
266 1621 332 1700 Qui
361 1620 395 1682 in
427 1639 529 1681 messe
557 1639 613 1679 sna
642 1615 762 1680 animal
796 1618 973 1697 occiderit,
1006 1620 1149 1683 solvatur
1175 1603 1227 1686 illi

110 1707 202 1795 prius
224 1705 395 1784 damnum,
422 1701 511 1794 quod
541 1702 659 1762 animal
686 1703 785 1779 fecit,
822 1712 854 1763 et
880 1703 999 1763 animal
1024 1706 1080 1785 qni
1101 1705 1229 1786 occide·

111 1793 185 1869 rit,
225 1789 349 1851 reddat.
424 1789 494 1848 Hoc
529 1793 577 1846 est
612 1784 651 1846 de
682 1784 856 1847 maioribus
886 1786 1078 1848 animalibus
1116 1786 1229 1876 obser&

111 1873 264 2020 vandhttt.
286 1953 439 2014 Ceterum
458 1949 497 2012 ‹le
526 1907 703 2013 minoribus
732 1950 816 2014 illud
843 1948 1108 2032 custodiendum,
1139 1934 1229 2038 quoti

112 2038 215 2124 priori
240 2039 312 2120 lege
334 2035 546 2096 constitutum
568 2041 637 2116 est0¹
1219 2040 1224 2050 “

113 2158 206 2228 TIT.
230 2154 353 2226 LXV.
404 2153 463 2223 De
488 2152 704 2222 mulieribus
729 2152 874 2240 viduis,
901 2179 922 2223 a
949 2156 1082 2248 quibus
1109 2159 1231 2237 masia

399 2265 521 2323 torum
547 2253 671 2322 debita
697 2252 945 2346 requiruntur.

197 2387 222 2446 Ι.
265 2385 300 2446 si
321 2405 385 2469 qua
411 2383 530 2445 mulier
548 2383 644 2443 vidua
665 2380 748 2444 filios
772 2380 904 2460 habens,
927 2382 953 2446 si
978 2391 1010 2445 et
1037 2383 1094 2444 illa
1116 2394 1148 2448 et
1169 2379 1233 2448 lilii

115 2469 165 2534 sui
189 2469 367 2532 cessionem
389 2468 428 2528 de
454 2467 547 2528 bonis
563 2463 682 2540 mariti,
705 2465 762 2548 qui
788 2463 960 2528 defunctus
985 2476 1047 2543 est,
1076 2470 1228 2548 fecerint,

114 2552 238 2615 nullam
260 2574 301 2614 ex
322 2551 431 2614 debito
451 2549 552 2635 ipsius
573 2549 803 2632 repetitionem
823 2558 878 2612 aut
896 2549 1090 2612 calumniam
1108 2554 1230 2636 patian-

114 2645 169 2697 tur
189 2637 247 2782 XI.
291 2717 325 2778 Si
354 2725 443 2779 certe
465 2719 505 2800 c)
527 2713 799 2801 praesumpserint
822 2713 1052 2794 hereditatem,
1083 2679 1234 2784 debitum)

114 2808 287 2882 paternum
310 2799 406 2860 simul
434 2800 569 2864 solvant.

115 2916 205 2986 Tm.
230 2912 370 2988 LXVI:
422 2917 481 2986 Da
506 2917 651 3010 puellis,
680 2939 775 3010 quae
799 2918 876 2988 sine
901 2919 1066 3010 patribus
1092 2932 1129 2992 et
1151 2941 1229 2991 ma-

362 3015 480 3085 tribus
506 3018 551 3085 ad
577 3018 749 3086 maritum
775 3019 980 3088 traduntur.
1203 3035 1205 3042 ⁴

199 3149 227 3207 Ι.
269 3144 385 3206 Puella
403 3165 486 3226 quae
513 3145 627 3204 marito
654 3139 799 3206 traditur
814 3153 938 3225 patrem
962 3157 994 3208 ct
1018 3147 1132 3212 fratres
1161 3171 1228 3212 non

115 3227 248 3306 hahens,
272 3227 333 3289 uisi
352 3235 503 3309 patruum
522 3237 555 3288 et
565 3247 701 3305 sorores,
721 3226 762 3287 de
780 3228 959 3292 Wittemon
972 3230 1097 3292 tertiam
1105 3243 1230 3315 partem

115 3321 248 3396 patruus
275 3310 430 3394 accipiat,
470 3318 501 3372 et
521 3311 666 3390 ¹alteram
691 3309 819 3372 tertiam
844 3333 969 3376 sorores
994 3313 1055 3375 eibi
1076 3317 1230 3380 noverint
1256 3383 1259 3391 ,

115 3393 353 3460 vindicandam.
1206 3442 1209 3448 .

199 3477 243 3539 ll.
286 3478 319 3538 si
340 3497 416 3537 vero
436 3475 546 3558 puella
568 3475 638 3538 sine
668 3480 759 3558 patre
789 3476 938 3539 maritum
970 3481 1094 3565 accepit
1114 3475 1229 3546 sratrea

119 3582 183 3622 non
206 3560 346 3637 hahens„
361 3561 485 3642 placuit
510 3569 545 3619 ut
568 3560 607 3620 de
633 3561 811 3630 Wittemon
834 3561 960 3622 tertiam
981 3575 1104 3646 partem
1127 3574 1229 3646 materg
1257 3634 1259 3638 ,

115 3643 262 3726 accipiat,
286 3653 317 3705 et
343 3644 476 3703 alteram
495 3642 623 3704 tertiam
644 3641 856 3725 proximiores
877 3656 1037 3726 parentes.
1159 3651 1161 3662 ’
1233 3643 1235 3650 ⁴

197 3726 262 3791 ΙΙΙ.
304 3725 338 3810 Si
352 3735 455 3788 mater
467 3747 532 3786 non
545 3725 657 3804 fuerit,
667 3727 794 3787 tertiam
810 3727 899 3789 illam
919 3750 1044 3794 sorores
1057 3729 1227 3817 accipiant.

394 3843 486 3914 Tm.
513 3827 677 3917 LXVII.
727 3847 786 3917 De
811 3849 930 3942 sylvis.

197 3975 246 4035 De
266 3972 361 4058 sylvis
380 3971 444 4033 hoc
463 3973 707 4036 observandum.
751 3976 948 4061 Quicunque
970 3999 1081 4062 agrum
1096 3959 1227 4060 anteo-1

115 4057 237 4119 lonicas
262 4065 385 4134 tenent,
407 4057 589 4118 secundnm
612 4068 768 4120 terrarum
786 4061 917 4123 modum
940 4062 992 4127 vel
1017 4063 1228 4148 possessionis

118 4210 496 4226 ——ffl

186 4263 213 4335 b)
231 4265 271 4318 nl.
291 4242 356 4318 mss:
370 4235 507 4337 patiatur.
545 4327 547 4332 ,
578 4268 665 4335 cjll.
684 4255 715 4322 Si
732 4235 845 4328 incerte.
