2906 5008
204 233 281 337 till
437 253 439 260 ’
573 261 641 332 tia-‚r
663 256 947 332 'baiuvariorum

204 401 472 498 nh'ienhndttre,
493 415 547 480 vel
562 415 729 500 proprium
740 415 794 477 rel
811 414 982 500 litgitirlum
998 427 1046 492 w)
1058 432 1249 500 praesumat.
1269 425 1315 486 El

206 489 336 597 di'qui's
367 501 430 562 boc
464 500 630 562 decretum
661 516 726 559 uon
758 498 996 585 abseryaverit,
1034 506 1215 584 weregeldo
1252 529 1314 568 suo

202 579 373 679 tiulp'abilis
399 588 592 666 permaneat.
669 601 670 610 ¹

202 663 232 687 '¹
289 667 333 729 11.
376 669 419 728 Ut
447 663 556 729 nullus
590 662 742 724 furtivam
768 682 858 735 rem,
894 673 959 724 tam
995 664 1028 724 in
1060 665 1151 746 equis
1178 677 1212 729 et
1238 669 1312 730 aliis

202 747 613 833 quadrupedibus,'quam
640 747 675 806 iu
699 746 824 828 reliqua
851 746 1069 828 suppellectili
1099 759 1187 809 extra
1212 750 1312 812 linem

200 832 423 899 Baioariorum
450 829 656 908 venundare,
678 827 731 890 rel
753 827 926 904 (machinis
943 829 1110 890 diabolicis
1137 843 1226 892 extra
1252 835 1311 894 mi-

201 916 282 976 nar'e
304 913 429 975 insidiis
455 919 557 974 tentet
582 919 634 986 x).
663 911 705 971 Et
729 910 755 971 si
776 911 848 994 quis
869 911 932 973 hoc
952 915 1218 998 praesumpserit,
1242 917 1310 981 XL.

201 996 297 1062 solid.
324 1005 493 1077 componat
521 995 554 1054 iu
575 993 752 1075 publicum.

286 1077 350 1143 ΙΙΙ.
391 1079 433 1140 Ut
461 1076 487 1138 si
517 1075 589 1158 quis
621 1077 750 1136 domum
772 1080 833 1137 lam
862 1075 964 1153 liber,
1001 1095 1097 1159 qnam
1124 1098 1237 1140 servus
1258 1079 1309 1140 al-

201 1160 302 1224 terins
318 1159 492 1233 effodierit‚
516 1169 549 1220 et
566 1157 611 1218 ibi
635 1158 758 1219 occis'us
778 1159 894 1234 suerit,
924 1159 994 1220 sine
1015 1161 1246 1241 compositione
1270 1163 1307 1222 iu

201 1260 259 1306 suu
279 1241 481 1306 damnatione
509 1251 703 1323 permaneat.
744 1241 778 1302 Sl
796 1250 901 1302 autem
913 1243 1147 1324 suppellectilia
1168 1244 1309 1305 abstule-

202 1327 251 1388 rit
276 1327 316 1388 de
346 1325 458 1387 eadem
491 1325 604 1400 domo,
639 1332 672 1384 et
697 1343 736 1384 eo
765 1324 910 1406 fugiente
937 1322 970 1382 iu
999 1335 1138 1403 curtem,
1173 1324 1227 1388 rel
1250 1345 1307 1388 ex·

204 1417 251 1470 tra
266 1419 405 1486 curtem,
424 1405 480 1467 hic
500 1405 554 1467 cui
575 1405 727 1466 damnum
748 1405 860 1467 intulit
882 1416 1153 1487 consequeretur,
1191 1416 1223 1468 et
1250 1408 1306 1468 iu·

200 1489 385 1567 terfecerit,
407 1489 474 1572 pari
493 1486 652 1549 subiaceat
669 1488 856 1552 sententiae.
898 1487 1069 1566 Similiter,
1092 1489 1158 1571 <qui
1172 1488 1205 1548 iu
1224 1489 1308 1552 libe-

201 1595 275 1636 rum
302 1573 354 1634 rel
380 1570 575 1654 mancipium
599 1590 693 1630 auum
723 1570 829 1630 furem
866 1571 1071 1654 pervenerit,
1108 1581 1141 1632 et
1162 1591 1237 1632 enm
1259 1567 1305 1656 y)

203 1653 476 1738 comprehendere
518 1651 650 1713 minime
687 1651 844 1735 quiverit,
883 1663 915 1714 et
947 1652 1066 1714 ibidem
1102 1653 1332 1716 interfecerit¹

200 1758 313 1814 reum,
344 1735 493 1820 superior
511 1735 884 1816 permaneutsenteutin:
912 1735 1088 1797 sedtamen
1121 1757 1157 1796 ea
1183 1755 1306 1817 genera

199 1821 300 1882 trium
328 1817 578 1880 homicidiorum
606 1816 715 1878 debito
735 1815 826 1900 signo
851 1816 965 1880 vicinis
994 1817 1080 1898 suis,
1120 1829 1152 1880 et
1178 1817 1305 1901 hisqui

199 1899 375 1980 iadsistunt,
402 1899 552 1982 insiguet.

283 1983 341 2048 lV.
382 1983 430 2042 De
463 2001 571 2063 pugna
594 1977 749 2059 ducrum,
779 1978 867 2064 quod
892 1978 1061 2042 wehadinc
1087 1991 1222 2062 vocant,
1266 1993 1306 2046 ut

198 2065 289 2154 prius
319 2063 544 2141 insortiantur,
579 2084 675 2144 quam
690 2064 790 2146 parati
817 2064 900 2141 sint,
923 2085 963 2124 ne
992 2064 1074 2124 forte
1106 2065 1305 2130 carminibus

199 2151 253 2213 vel
277 2145 433 2207 machinis
453 2144 640 2223 diabolicis,
662 2146 715 2209 vel
732 2146 861 2228 magicis
888 2145 1006 2206 artibus
1034 2145 1238 2210 insidiantur.

197 2249 200 2262 ¹
281 2227 321 2295 V.
364 2227 429 2305 Qui
447 2247 541 2324 sopra
567 2227 671 2290 dictae
700 2248 846 2310 pugnae,
880 2229 969 2310 quod
1000 2229 1145 2290 camlwic
1164 2233 1191 2308 z)
1220 2229 1300 2293 dici-

198 2319 286 2388 mus,
330 2320 460 2394 peracto
489 2309 630 2388 audicio,
661 2331 695 2372 se
727 2310 824 2372 simili
852 2309 997 2372 vindicta
1026 2311 1149 2393 erigere
1184 2323 1298 2374 contra

195 2401 404 2477 quaerentem
429 2391 686 2476 praesumpserit,
705 2401 935 2454 sacramentum
956 2391 1043 2473 quod
1063 2393 1180 2454 Ahteid
1197 2400 1227 2473 a)
1252 2395 1300 2456 di-

197 2478 300 2554 citur,
334 2474 419 2536 iuret
450 2474 485 2536 iu
512 2474 661 2538 Ecclesia
689 2495 763 2536 eum
786 2475 887 2538 tribus
919 2475 1091 2537 nominatis
1121 2497 1299 2539 sacramen-

195 2559 323 2625 talibus.
792 2563 800 2587 ⁸

205 2647 210 2650 ’
279 2643 335 2706 VI.
376 2641 426 2702 De
454 2660 509 2718 eo,
556 2639 645 2722 quod
672 2637 809 2700 Baioarii
836 2635 1001 2719 stapsalsen
1029 2631 1216 2716 bl'dicuut,
1260 2639 1298 2702 iu

194 2725 320 2803 verbis,
358 2722 475 2807 quibus
498 2742 538 2784 ex
559 2731 683 2783 vetusta
708 2721 942 2783 cousuetudine
970 2743 1167 2804 paganorum
1195 2722 1298 2784 idola·

195 2809 322 2873 latriam
354 2805 549 2888 reperimus,
582 2814 618 2865 ut
643 2805 794 2886 deinceps
828 2825 893 2862 non
923 2803 1016 2863 aliter
1040 2804 1102 2864 nisi
1123 2805 1169 2866 sic
1192 2801 1298 2884 dicat,
1354 2831 1357 2836 Δ

195 2887 403 2974 'quiquaerit
430 2886 589 2947 debitum}
623 2889 709 2948 Haec
735 2886 814 2946 mihi
844 2885 960 2946 iniuste
989 2885 1170 2964 abstulisti,
1212 2908 1297 2969 quae

195 2975 331 3038 reddere
358 2969 471 3046 debes,
503 2977 631 3030 etcum
665 2980 712 3031 tot
739 2967 849 3030 solidis
877 2989 1078 3048 componere.
1110 2969 1299 3050 ¹Reusuero

196 3065 306 3116 contra
345 3051 445 3112 dicat:
479 3052 553 3112 Non·
593 3052 655 3113 hoc
689 3049 825 3126 abstuli,
875 3071 936 3110 nec
961 3071 1152 3131 componere
1182 3052 1294 3113 debeo.

140 3181 143 3196 .
195 3136 312 3199 iterata
338 3155 416 3196 voce
444 3133 621 3213 requisitor
648 3133 748 3194 debiti
771 3132 871 3194 dicat:
907 3132 1124 3194 Extendamus
1149 3133 1296 3195 dexteras

195 3229 318 3299 postras
344 3216 384 3275 ad
400 3214 516 3274 iustum
537 3215 692 3278 iudicium
713 3213 786 3282 Dei.
840 3215 883 3276 Et
908 3223 986 3275 tunc
1014 3236 1125 3276 manus
1147 3215 1296 3278 dexteras

162 3341 167 3352 ·
195 3309 333 3380 uterque
359 3298 399 3358 ad
423 3298 549 3357 coelum
573 3300 733 3363 extendat.
1184 3301 1188 3307 '

276 3380 350 3444 vlt.
393 3379 435 3439 Ut
465 3381 573 3442 nullus
594 3381 747 3442 furtivam
762 3401 831 3440 rem
846 3379 1024 3460 suscipere,
1054 3379 1105 3440 vel
1129 3379 1296 3441 intrater·

193 3463 317 3526 urinum
347 3461 540 3526 abscondere
574 3473 772 3550 praesumam
801 3462 858 3546 qui
885 3461 947 3524 hac
975 3461 1107 3539 fecerit,
1136 3461 1208 3528 XL.
1235 3462 1295 3529 sol.

193 3554 373 3634 componat.

191 3821 266 3866 runt.
302 3813 383 3866 Hunc
398 3811 667 3877 uumerumservavi,
688 3827 749 3866 cum
764 3811 792 3864 iu
801 3810 924 3881 pluribus
942 3808 1009 3862 locis
1018 3810 1183 3874 invenerim,
1202 3808 1230 3861 in
1241 3807 1294 3876 Sy·

190 3884 263 3936 uado
283 3885 355 3955 apud
375 3884 583 3950 Nivihhingam,
611 3885 645 3935 ad
664 3901 743 3952 quam
761 3881 814 3935 hae
833 3884 904 3947 leges
923 3881 1088 3934 authoritate
1107 3882 1220 3934 duorum
1237 3879 1295 3930 Co-

191 3955 280 4006 dicum
300 3955 451 4024 pertiaeut,
486 3953 637 4006 octodecim
664 3954 785 4022 capitula
810 3953 921 4004 conditu
947 3951 1035 4004 luisse.
1120 3952 1156 4020 w)
1181 3948 1223 4002 Al.
1241 3966 1292 4003 ms.

187 4023 334 4095 (leticiam.
384 4023 415 4092 x)
434 4025 475 4076 ΑΙ.
495 4041 554 4075 mss.
578 4023 665 4076 maele.
680 4022 756 4078 diat.
776 4037 855 4076 extra
866 4021 990 4074 rainaudi
1007 4021 1058 4089 (ΑΙ.
1078 4016 1295 4086 exterminandi)

189 4091 298 4146 altsidiis
325 4096 389 4158 tegi.
451 4095 485 4164 y)
502 4093 542 4146 al.
553 4111 612 4154 mss.
632 4099 661 4145 et
676 4093 752 4144 editt.
768 4096 817 4166 qai
833 4094 883 4150 tit.
900 4093 942 4146 vel
958 4110 1046 4144 manc.
1064 4109 1140 4145 suum
1148 4090 1306 4160 furaverit·

188 4173 237 4233 ³⁸18
289 4161 373 4244 till·
392 4177 451 4216 mss-
470 4165 637 4235 abendune,
655 4162 831 4244 campswieb.
898 4161 929 4233 a)
946 4160 988 4216 bl.
1006 4178 1065 4216 mss.
1092 4160 1194 4214 atheia.
1228 4211 1230 4218 ,
1264 4157 1294 4227 b}

185 4230 482 4306 alatrumseqfsakan,
507 4233 674 4308 craffialen.
954 4259 956 4266 ,
1029 4270 1032 4279 ,
