2826 4998
428 365 532 426 uncus
551 365 702 424 suurclr
732 367 805 424 rrr.
830 371 868 427 rr.
1154 321 1222 426 Δ11

118 509 197 574 Vll.
219 507 387 594 culpabilis
400 507 573 586 iudicetur,
592 528 710 590 excep·
737 504 797 584 hit,
816 506 996 569 CCLXXX.
1017 507 1090 572 deu.
1110 509 1167 592 qui
1181 509 1227 572 la,

119 603 155 658 to
178 594 315 677 capitale
330 601 362 653 et
382 591 536 654 delatura.
738 589 829 649 ciunt
851 589 943 656 solid.
960 590 1030 733 gill.
1053 591 1139 674 culp.
1157 592 1225 660 iud.

738 691 805 734 cxc.
825 691 860 730 ca
886 714 893 730 .
915 681 946 730 et
989 672 1021 733 i.

162 753 241 820 vll.
283 753 414 836 siquis
450 754 601 816 Sororum
634 773 708 812 curn
780 694 931 814 VILPSi
968 754 1040 838 quis
1079 775 1226 820 scrouum

119 837 274 922 porcellis
295 827 706 912 furauerit‚(uurr.Foci·
737 856 810 897 cum
850 835 1003 916 porcellis
1040 836 1225 916 lurauerit,

120 921 241 996 chullo)
264 919 298 977 in
315 919 407 978 DCC.
423 919 495 981 den.
510 918 567 997 qui
585 915 708 976 faciunt
735 919 830 978 DCC.
847 917 921 977 den.
941 918 997 998 qui
1022 919 1149 979 iaciunt
1165 919 1226 988 sol.

119 1003 180 1066 sol.
209 1001 318 1062 XVll.
338 1000 510 1096 culpabilis
536 998 706 1073 iudicetur,
736 997 845 1060 XVII.
878 998 910 1094 ὃς
938 1000 1024 1082 culp.
1056 999 1123 1062 iud.
1155 1023 1225 1064 cxc.

121 1092 259 1226 elePllll
277 1081 707 1246 elllilttliuiseirilrliiriiririirni·
735 1081 946 1224 caillildllfi
961 1161 1033 1244 quis
1046 1163 1223 1244 porcellum

119 1248 231 1311 culum
253 1245 427 1323 furauerit,
456 1255 567 1319 (ulcr.
589 1246 623 1304 in
648 1241 708 1319 Zy·
735 1245 921 1305 anniculum
943 1245 1110 1321 furaverit,
1127 1247 1224 1308 CXX.

119 1331 181 1388 mis
215 1329 386 1399 ellzaciuv]
418 1327 512 1388 CXX.
540 1328 612 1392 den,
648 1326 705 1405 qui
735 1327 808 1392 den.
841 1327 898 1407 qui
926 1327 1050 1387 fuciunt
1076 1327 1135 1387 sol.
1162 1328 1223 1390 lll.
1251 1381 1259 1396 .

118 1411 246 1470 faciunt
263 1410 320 1475 sol.
343 1409 398 1474 111.
422 1409 590 1490 culpabilis
619 1407 705 1466 iudi·
735 1409 821 1494 culp.
842 1409 907 1470 iud.
926 1430 995 1470 cxc.
1020 1430 1088 1491 cup.
1112 1417 1145 1469 et
1167 1410 1223 1476 dil.

120 1503 225 1569 cetur,
249 1499 383 1572 excepto
404 1491 537 1571 capitale
558 1500 591 1552 et
610 1490 704 1555 dolat.

163 1572 225 1636 lX.
267 1573 300 1632 si
323 1574 395 1652 quis
423 1571 544 1632 bimum
573 1593 705 1658 porcum
774 1571 838 1634 IX.
876 1571 910 1632 si
931 1572 1003 1653 quis
1026 1593 1160 1654 porcum
1176 1572 1225 1633 bi-

119 1655 289 1730 furauerit,
308 1658 415 1730 (muco.
432 1656 465 1714 in
483 1655 589 1731 Zymis
613 1675 705 1734 roag—
733 1677 819 1714 mum
829 1655 1224 1736 furaveril‚DC.den.qui

120 1743 176 1814 ηῑ)
196 1737 424 1817 oe.den.qu1
443 1738 567 1798 faciunt
587 1736 704 1798 solidos
733 1723 858 1797 fuciunt
885 1737 942 1800 sor.
961 1738 1030 1797 xv,
1046 1737 1132 1820 culp.
1156 1738 1223 1799 iud.

120 1821 192 1885 XV.
207 1827 340 1898 excepto
356 1819 488 1900 capitale
507 1829 539 1880 et
552 1819 705 1879 delatura.
734 1839 802 1880 exc.
821 1840 888 1899 cap.
902 1828 933 1878 et
953 1818 1100 1878 dilutura.

162 1903 205 1964 X.
247 1901 281 1962 si
296 1901 366 1982 quis
379 1909 443 1960 tres
460 1902 714 1983 porcosuutam·'
775 1899 817 1965 X.
859 1899 974 1980 Siquis
988 1908 1224 1973 tertussume

119 1985 206 2069 plius
220 1983 386 2058 iurauerit,
407 2004 507 2064 usque
527 1984 567 2043 ud
587 2005 641 2042 sex
657 2005 707 2043 ca·
733 1983 911 2064 porcellum
940 1982 1099 2041 furuueril
1122 2003 1223 2063 rsque

117 2069 207 2150 pita,
232 2069 338 2141 (ulcu.
360 2065 392 2122 in
413 2063 519 2142 Zymis
533 2066 702 2135 exachalt,
735 2065 773 2124 ad
789 2064 1019 2140 anniculatum,
1038 2065 1133 2124 CXX.
1148 2065 1222 2126 den.

120 2163 151 2210 et
172 2161 261 2229 cepto
276 2159 328 2204 tou
344 2159 451 2228 septun
471 2149 608 2222 chunna)
631 2147 705 2206 den.
734 2145 789 2227 qui
809 2147 931 2206 faciunt
951 2145 1008 2206 sol.
1024 2146 1081 2209 Ill.
1096 2146 1222 2230 culpub.

119 2229 274 2292 MCCCC.
293 2227 348 2306 qui
368 2227 489 2287 faciunt
504 2229 561 2292 sol.
575 2229 706 2290 XXXV.
733 2226 799 2292 iud.
819 2248 887 2294 cuc.
909 2249 976 2309 cup.
1000 2234 1033 2288 et
1055 2227 1111 2293 dil.

119 2309 706 2474 “Xlitosciapqiiilseligirilinqiiiirquc
775 2390 835 2453 Xl.
876 2390 910 2452 si
938 2390 1010 2472 quis
1039 2412 1118 2452 vero
1143 2411 1221 2474 por-

117 2496 235 2558 porcos
252 2473 422 2548 iurauerit,
446 2473 650 2555 ubiamplius
672 2473 705 2531 in
735 2495 808 2534 cum
832 2483 904 2556 post
925 2473 1144 2535 anniculatum
1172 2474 1223 2532 fu·

119 2577 217 2640 grege
239 2554 296 2614 illo
327 2576 391 2614 non
413 2556 560 2631 fuerint,
598 2558 705 2632 (Mirr.
734 2557 877 2631 rauerit,
896 2556 962 2618 DC.
980 2555 1053 2614 den.
1071 2554 1126 2634 qui
1146 2553 1223 2613 fuci·

119 2642 207 2700 sonis
238 2637 322 2697 chult
344 2649 397 2695 tua
419 2636 524 2715 Zymis
545 2636 594 2722 fit
623 2639 707 2696 milia
735 2648 793 2698 unt
812 2638 869 2698 sol.
880 2633 953 2697 XV.
970 2636 1056 2720 culp.
1076 2635 1223 2700 iuuere.

119 2722 255 2794 chunna)
271 2719 397 2782 Molo.
412 2719 485 2780 den.
506 2720 563 2800 qui
584 2719 706 2779 fuciunt
734 2741 802 2803 cap.
826 2728 858 2780 et
881 2717 937 2780 dil.

120 2802 181 2864 sol.
199 2799 296 2862 LXll.
312 2821 385 2858 cum
402 2799 545 2876 dimidio,
567 2799 708 2881 culpabi-

118 2883 160 2943 l'is
178 2881 358 2959 iudicetur,
379 2893 514 2966 excepto
529 2883 662 2965 capitale
676 2890 709 2943 et

120 2965 277 3025 delatura.

164 3045 244 3109 Xll.
286 3043 708 3130 Siveroquisvigintiquin-
776 3043 854 3107 Xll.
895 3044 1015 3130 Siquis
1033 3049 1224 3110 verrumfu·

121 3149 187 3210 que
213 3146 326 3206 porcos
347 3128 526 3206 sufficerit,
553 3137 584 3189 ct
603 3129 707 3189 adhuc
733 3128 865 3205 cruerit,
885 3131 979 3196 DCC.
999 3131 1073 3197 den.
1093 3132 1150 3212 qui
1177 3133 1224 3191 fa·

121 3209 225 3288 aliqui
237 3218 475 3288 remanserunt,
495 3219 607 3286 [uiuo.
621 3223 708 3270 texa-
735 3211 825 3271 ciunt
839 3209 896 3271 sol.
910 3212 1002 3272 XVlI
1020 3214 1051 3273 S.
1072 3223 1111 3285 x)
1132 3214 1220 3298 culp.

121 3291 227 3368 chalt)
243 3291 285 3350 M.
302 3291 419 3356 CCCC.
433 3293 571 3374 den.qui
585 3293 708 3351 faciunt
735 3292 801 3358 iud.
828 3311 895 3356 cxc.
913 3317 981 3378 cup.
1004 3303 1036 3357 et
1055 3294 1112 3358 dil.

121 3372 182 3433 sol.
203 3371 336 3436 XXXV.
360 3374 530 3456 culpabilis
548 3374 708 3435 iudicetur

122 3461 259 3534 excepto
277 3454 410 3533 capitale
431 3464 463 3515 et
480 3456 633 3521 delatura.

164 3535 263 3596 Xlll.
304 3537 338 3596 si
368 3557 444 3596 vero
473 3537 707 3620 quinquaginta
775 3536 871 3600 Xlll.
915 3538 948 3600 Si
979 3539 1050 3620 quis
1076 3547 1222 3604 scrouum

146 3639 239 3678 orcos
253 3618 421 3696 furauerit,
436 3619 487 3680 vbi
499 3621 632 3700 amplius
642 3642 706 3679 non
736 3619 894 3682 (locarium
897 3629 936 3696 y)
946 3622 1113 3700 furaucrit,
1128 3626 1224 3691 DCC.

122 3639 286 3776 labuerit,
301 3706 407 3775 (ulcu.
422 3701 599 3775 Som'cbultl
616 3704 657 3766 M.
665 3703 708 3762 M.
736 3703 810 3764 den.
834 3704 887 3784 qui
898 3701 1020 3762 faciunt
1030 3705 1087 3764 sol.
1097 3705 1176 3771 Xll.
1191 3709 1223 3771 S.

122 3783 162 3842 D.
182 3781 255 3842 den.
275 3782 332 3862 qui
350 3781 473 3844 faciunt
489 3783 546 3844 sol.
563 3784 660 3845 LXX.
676 3792 708 3844 et
736 3786 821 3869 culp.
838 3784 903 3846 iud.
920 3803 988 3843 exc.
1008 3805 1075 3868 cup.
1094 3795 1127 3848 et
1147 3788 1203 3849 dil.

144 4136 150 4149 Ι
192 4068 231 4136 v)
249 4067 320 4151 Npta
336 4072 445 4137 margin.
461 4069 572 4128 llerold.
591 4073 717 4140 Zymisen
733 4090 807 4144 gano
827 4071 908 4130 solid.
932 4071 992 4126 XV.
1059 4068 1099 4130 w)
1119 4068 1207 4130 Gloss.

45 4192 47 4200 ,
122 4138 196 4191 Prth.
223 4157 272 4208 qur
298 4137 371 4190 domi
388 4143 518 4199 nutritur.
572 4142 657 4195 Gloso.
684 4143 739 4194 Est.
764 4144 834 4196 idest
856 4155 1013 4198 castratum·
1090 4139 1125 4208 x)
1152 4141 1209 4197 Est.

121 4207 264 4260 DCCXX.
290 4209 420 4261 Denariis
442 4213 492 4284 qui
506 4211 624 4283 faciunt
651 4213 701 4264 iol.
724 4214 827 4267 XVIII.
889 4215 929 4282 y)
946 4212 1033 4267 Glou.
1058 4208 1207 4266 ductricem
1308 4223 1314 4244 ⁸
1386 4208 1391 4219 '

105 4277 248 4329 ,aliarum
266 4294 431 4337 scrovurunr.
