2826 4998
427 329 529 385 sams
551 330 696 384 SALICAE
715 331 787 387 sm
806 332 855 385 xi.
1150 311 1197 382 21

713 471 785 536 den.
813 468 869 550 qui
891 467 1016 528 faciunt
1041 470 1098 534 sol.
1126 465 1199 532 XV.

713 553 798 634 culp.
819 550 886 612 iud.
909 570 977 612 exe.
1000 550 1134 634 capitale
1168 559 1200 613 et

713 634 861 704 dilatura.

752 715 790 776 X.
832 713 867 775 Si
911 713 1047 778 alieuius
1083 735 1201 798 pecora

712 805 845 881 propter
872 796 1025 888 damnum
1057 797 1201 858 inclausa

711 878 852 957 fuerint,
873 877 1025 939 damnum
1054 879 1201 940 aestima-

711 972 781 1022 tum
804 958 927 1038 reddat,
950 970 983 1023 et
1008 961 1140 1046 insuper
1157 959 1199 1028 X.

713 1044 786 1106 den.
804 1041 973 1125 persolvat.

752 1123 814 1190 xl.
855 1122 976 1203 Siquis
991 1124 1200 1210 propterini-

712 1207 888 1282 micinam,
919 1213 974 1266 ant
996 1217 1128 1290 propter
1146 1229 1200 1269 su-

665 1355 668 1362 ,
711 1289 865 1373 parisiam,
887 1308 990 1369 sepem
1008 1289 1146 1351 alienam
1164 1311 1200 1350 a·

711 1369 864 1467 perperit,
884 1376 938 1430 aut
950 1369 984 1430 in
1003 1391 1135 1434 messem
1147 1379 1202 1432 aut

712 1463 902 1536 inpiatum,
922 1451 975 1512 vel
997 1451 1031 1512 in
1053 1453 1200 1530 vineam,

711 1533 779 1597 sive
800 1536 834 1596 in
855 1531 1032 1614 quemlibet
1058 1535 1200 1598 laborem
1250 1575 1265 1594 .

712 1617 877 1716 quaelibet
910 1636 1027 1696 pecora
1060 1616 1199 1694 miserit,

712 1709 745 1759 et
758 1699 893 1761 testibus
908 1697 1006 1759 fuerit
1022 1699 1198 1776 convictus,

711 1781 742 1840 ei
758 1781 849 1844 cuius
865 1777 955 1841 labor
966 1789 1031 1858 est,
1054 1781 1199 1843 aestima-

712 1862 831 1925 tionem
850 1863 957 1925 damni
969 1862 1092 1938 reddat,
1107 1872 1139 1923 et
1152 1862 1200 1922 in-

711 1966 808 2026 super
821 1946 900 2006 ICC.
913 1945 985 2009 den.
1001 1945 1058 2025 qui
1075 1943 1198 2006 faciunt

712 2027 769 2092 sol.
789 2027 888 2088 XXX.
903 2025 988 2110 culp.
1010 2027 1075 2089 iud.

134 2194 320 2266 T1m.XI.
378 2193 435 2263 De
451 2196 564 2266 servis
584 2193 642 2268 vel
713 2193 803 2268 Tm.
829 2192 896 2268 XI.
946 2193 1197 2269 Deservisvel

218 2294 402 2387 mancipiis
426 2293 565 2363 furatis.
780 2291 964 2384 mancipiis
990 2291 1129 2363 furatis.

141 2445 169 2510 I.
213 2445 246 2504 si
268 2447 338 2528 quis
359 2467 466 2506 servus
491 2458 546 2508 aut
567 2445 684 2507 aneilla
753 2442 779 2504 Ι.
822 2443 856 2503 Si
886 2443 957 2524 quis
983 2464 1113 2505 servum
1141 2455 1196 2505 aut

98 2528 261 2589 caballum
285 2538 340 2588 aut
355 2529 530 2588 iumentum
553 2529 683 2588 alterius
713 2526 864 2587 ancillam
881 2525 1010 2586 alterius
1026 2526 1193 2604 furaverit,

96 2611 265 2686 iuraverit,
277 2619 384 2688 (nass.
395 2609 480 2669 Thea
493 2614 546 2670 tim
556 2615 683 2687 texam)
712 2610 845 2669 ICCCC.
876 2607 949 2667 den.
976 2606 1047 2686 qui*
1071 2607 1196 2668 faciunt

96 2694 141 2756 M.
162 2693 282 2770 0000.
301 2692 374 2752 den.
400 2691 457 2772 qni
479 2693 603 2752 faciunt
624 2691 681 2752 sol.
711 2690 768 2754 sol.
792 2687 923 2754 XXXV,
943 2686 1110 2771 culpabilis
1128 2688 1194 2749 iud.

95 2772 240 2838 XXXV.
261 2773 429 2854 culpabilis
442 2774 612 2853 iudicetur,
626 2795 684 2834 ex·
711 2794 779 2834 exc.
802 2794 868 2856 cap.
889 2781 921 2832 et
937 2771 992 2836 dil.

96 2864 193 2938 cepto
210 2856 344 2935 capitale
354 2851 393 2916 'et
410 2856 561 2916 delatura.

140 2938 183 2998 ll.
227 2938 262 2996 Si
288 2937 361 3018 quis
387 2959 514 2998 servum
541 2939 683 3000 alienum
751 2935 796 2998 ΙΙ.
838 2935 872 2995 Si
889 2958 999 2998 servus
1013 2935 1195 2996 auianeilla

95 3020 267 3097 furaverit,
286 3028 341 3078 aut
354 3019 519 3097 occiderit,
539 3031 592 3081 aut
608 3043 684 3081 ven·
711 3018 867 3101 cumipse
885 3019 1027 3100 ingenuo
1044 3017 1083 3078 de
1098 3019 1194 3082 rebus

98 3101 231 3177 diderit,
253 3112 307 3162 aut
321 3103 498 3184 ingenuum
517 3103 682 3180 dimiserit,
711 3101 830 3178 domini
846 3101 895 3160 sni
907 3101 1031 3184 aliquid
1046 3113 1194 3182 portave-

98 3183 179 3242 etei
203 3183 302 3243 fuerit
318 3185 359 3244 ad
381 3185 562 3264 probatum,
581 3189 682 3261 (nias.
709 3181 772 3254 rit,
801 3182 867 3246 DC.
894 3183 966 3244 den.
989 3183 1046 3264 qui
1072 3183 1195 3244 faciunt

100 3265 190 3322 Thea
207 3271 335 3344 texam)
358 3267 405 3330 M.
428 3268 544 3331 CCCC.
571 3268 682 3328 denar.
710 3266 767 3325 sol.
786 3262 855 3324 XV.
874 3286 942 3326 exc.
967 3287 1035 3348 cap.
1055 3275 1087 3325 et
1106 3266 1193 3332 dilat.

96 3345 381 3491 ?J{.{{ss.i¹‡¹¹³.}3‡·
398 3348 682 3490 iiivfeiuiiii'
709 3355 1193 3492 ssiffss⁸d1⁰ffi“¹¹¹'.‘¹¹1¹³m.3¹{p⁶·

95 3519 179 3570 tura.
222 3475 273 3570 De'
288 3451 405 3571 ancilia
420 3451 567 3573 verisol.
579 3511 681 3576 XXX.
786 3531 790 3535 ·
827 3491 832 3510 ⁸
901 3453 948 3509 us,
989 3453 1054 3515 up·
1113 3457 1143 3492 ι.

138 3590 204 3651 llI.
247 3591 363 3674 Siquis
378 3613 487 3655 servus
499 3593 683 3654 autancilla
751 3589 814 3657 III.
855 3591 888 3651 Si
900 3594 1193 3674 quisservumalie-

98 3695 173 3734 cum
187 3673 318 3736 homine
339 3674 498 3756 ingenuo,
522 3675 562 3736 de
587 3676 682 3736 rebus
711 3696 789 3734 num
811 3674 984 3751 occiderit,
1009 3686 1063 3735 aut
1085 3677 1195 3738 vendi-

99 3755 289 3817 domini'sni
308 3755 433 3838 aliquid
458 3757 682 3838 deportaverit,
711 3757 796 3818 derit
821 3756 873 3815 vel
899 3755 1076 3835 ingenuum
1099 3758 1195 3818 dimi-

100 3841 210 3909 (κω.
235 3838 415 3916 Lendardi)
440 3839 508 3902 Dc.
531 3839 593 3900 den
624 3840 681 3920 qui
710 3839 797 3914 serit,
817 3835 960 3906 10000.
982 3836 1054 3896 den.
1076 3835 1195 3917 qni'fa-

99 3917 224 3978 faciunt
240 3920 297 3980 sol.
314 3921 383 3981 XV.
405 3921 572 4002 culpabilis
595 3921 682 3982 iudi·
711 3922 802 3981 ciunt
814 3920 871 3980 sol.
885 3916 1021 3980 XXXV.
1038 3919 1113 4001 culp
1129 3919 1194 3981 iud.

101 4009 210 4076 cetur,
235 4009 368 4082 excepto
385 4002 518 4084 capitale
544 4012 576 4062 et
598 4003 660 4068 dei.
711 4024 778 4065 exc.
800 4022 866 4085 cap.
893 4011 925 4063 et
946 4000 1002 4066 dil.

139 4077 199 4146 lV.
242 4081 274 4140 Si
288 4081 632 4168 quishomoingenuus
647 4086 682 4146 in
752 4082 811 4146 IV.
855 4083 988 4165 Siquis
1018 4083 1115 4144 homo.
1143 4083 1197 4142 in-

100 4170 210 4226 texaca
228 4165 481 4246 seeumduxerst,
497 4176 551 4226 aut
561 4167 683 4249 aliquid
712 4189 834 4250 genuus
857 4165 999 4228 alienum
1016 4185 1142 4228 servum
1160 4166 1195 4226 in
