2826 4998
220 331 268 406 72
533 338 801 400 incussimus
824 341 898 402 mr.
918 339 989 396 nm.

219 468 406 570 adstringas.
446 481 809 546 Tunc'l'unrinusdice-
836 478 945 543 dicere
966 478 1075 546 debet:
1096 478 1163 561 Ego
1181 482 1313 561 gerachi-

216 593 253 634 re
276 569 390 630 debet:
411 563 480 646 Ego
495 565 692 650 Nestigantio
713 568 807 626 Gasa-
836 585 888 623 um
905 575 988 622 tuum
1007 565 1097 624 illum
1112 566 1145 622 in
1160 565 1217 626 ltoc
1228 565 1314 626 mallo

215 649 289 714 chio
308 649 367 712 illo
384 657 440 708 tuo
457 645 491 704 in
509 647 571 708 hoc
587 648 701 724 mallo,
719 645 808 727 qnod
835 643 983 740 quodlex
993 643 1210 706 Salicahabet.
1230 648 1315 706 Tunc

213 735 282 796 Lex
301 730 405 793 Salica
428 727 535 795 habet.
575 729 618 790 Et
635 739 713 790 tunc
738 728 806 810 ipse
835 727 892 789 ille
907 726 959 788 cui
981 725 1058 788 fides
1080 727 1163 788 facta
1179 737 1243 805 est,
1270 728 1317 788 de-

214 813 269 881 cui
288 813 366 875 fides
382 813 466 872 lacta
485 820 533 871 est
549 809 645 872 debet
656 809 807 872 testifica·
833 809 888 870 het
904 807 1067 869 testificari
1085 809 1271 887 fideiussori,
1285 818 1317 870 ut

211 917 259 974 re,
277 904 314 957 ut
333 893 417 954 nulli
436 891 529 953 alteri
543 913 604 954 uec
619 893 731 970 solvat,
745 913 806 953 nec
833 889 918 952 nulli
938 890 1030 952 alteri
1050 912 1110 952 uec
1128 892 1243 969 solvat,
1262 911 1316 952 nec

236 977 328 1060 ignus
344 973 806 1056 donetsolutionis,antequam
831 974 947 1056 pignus
957 972 1056 1034 donet
1071 973 1252 1051 solutionis,
1269 994 1318 1031 an-

214 1061 347 1142 rmpleat
364 1055 453 1140 quod
472 1055 567 1117 fidem
587 1057 683 1128 fecit,
705 1066 739 1116 et
758 1056 804 1117 sic
831 1064 960 1136 tequam
989 1055 1019 1114 ei
1047 1054 1200 1136 impleat,
1236 1055 1316 1116 nude

208 1141 402 1204 festinanter
432 1137 499 1220 ipsa
530 1137 582 1199 die
607 1139 646 1199 ad
673 1138 804 1198 domum
832 1137 927 1197 fidem
946 1136 1034 1199 fecit.
1087 1139 1130 1198 Et
1160 1137 1207 1198 sic
1234 1133 1318 1197 festi-

209 1220 375 1304 illiusqui
396 1219 426 1280 ei
443 1217 804 1297 fidemfecit,cumtes-
832 1227 947 1278 nauter
976 1219 1016 1278 ad
1047 1217 1178 1279 domum
1210 1218 1316 1295 illins,

211 1305 298 1366 tibus
314 1301 476 1362 ambulare
495 1300 604 1378 dehet,
619 1309 652 1361 et
677 1320 802 1382 rogare,
831 1300 888 1396 qui
907 1299 938 1360 ei
956 1299 1051 1360 fidem
1066 1300 1155 1377 lecit,
1180 1309 1318 1362 cumtes-

209 1396 249 1449 ut
269 1384 412 1447 debitum
431 1403 525 1445 suum
542 1380 592 1444 illi
617 1383 741 1459 solvat,
771 1393 805 1443 et
830 1382 914 1444 tibus
936 1381 1073 1458 accedat,
1096 1391 1129 1443 ct
1147 1393 1317 1466 rogcteum

208 1468 238 1532 ci
256 1465 320 1528 hoc
339 1462 497 1542 noluerit,
523 1463 624 1524 solem
643 1464 674 1525 ei
698 1462 802 1524 collo·
830 1465 954 1526 solvere
962 1463 1105 1524 debitum
1114 1485 1217 1530 suum.
1228 1462 1316 1544 Quod

209 1557 261 1613 cet
284 1547 347 1623 d)‚·
369 1555 401 1609 et
417 1545 443 1607 ri
459 1545 489 1607 ei
507 1544 608 1606 solem
625 1546 803 1606 collocare·
830 1545 1014 1623 sinolnerit‚
1026 1546 1125 1606 solem
1133 1547 1164 1608 ei
1175 1548 1316 1610 collocet.

208 1632 279 1703 rit,
311 1641 375 1691 tres
392 1627 510 1690 solidos
533 1648 629 1710 super
657 1626 802 1688 debitum
828 1627 916 1688 Etsi
945 1627 976 1688 ei
1002 1627 1101 1688 solem
1129 1627 1316 1705 calcaverit,

212 1711 325 1790 addat,
347 1717 380 1772 et
398 1709 443 1770 sic
461 1727 564 1789 usque
580 1708 620 1769 ad
636 1717 701 1770 tres
716 1706 801 1768 vices
830 1717 896 1769 tres
915 1709 1034 1770 solidos
1061 1729 1158 1792 super
1181 1711 1316 1774 debitum

209 1815 269 1880 per
286 1804 349 1854 tres
369 1788 504 1853 Manitas
517 1797 555 1863 e)
574 1791 680 1852 lacere
695 1789 801 1865 debet,
829 1790 944 1868 addat,
964 1799 996 1852 et
1018 1789 1064 1852 sic
1083 1813 1187 1874 usque
1206 1793 1245 1853 ad
1257 1800 1316 1851 tres

210 1884 243 1938 et
270 1894 367 1957 super
386 1881 449 1932 tres
475 1870 582 1950 vices,
609 1872 667 1933 ista
693 1869 800 1931 omnia
828 1871 913 1934 vice
922 1893 980 1954 per
992 1882 1056 1935 tres
1066 1874 1225 1936 manuitas
1240 1875 1316 1933 face·
1388 1887 1389 1894 ’

208 1959 293 2020 facta
314 1959 343 2018 si
366 1951 509 2016 noluerit
531 1973 734 2036 componere,
751 1973 803 2013 ns·
828 1974 863 2015 re
890 1953 994 2014 debet.
1056 1954 1119 2016 lstu
1142 1956 1241 2036 igitur
1258 1976 1318 2016 om·

210 2059 276 2122 qne
297 2037 336 2099 ad
365 2055 482 2096 novem
510 2034 628 2096 solidos
656 2035 800 2096 debitum
829 2036 883 2095 nia
902 2035 1004 2113 facta,
1030 2035 1057 2098 si
1081 2036 1188 2098 adhuc
1209 2037 1315 2098 nolue-

211 2119 379 2195 asceudat,
400 2116 435 2176 id
457 2124 520 2193 cst,
550 2124 586 2176 ut
605 2137 665 2198 per
692 2115 800 2198 singu·
825 2117 868 2179 rit
887 2117 993 2178 debita
1007 2139 1316 2200 componere,usque

211 2201 259 2262 las
275 2198 507 2260 admonitiones
518 2198 680 2260 velsolem
695 2198 799 2258 collo·
829 2199 868 2260 ad
891 2219 1006 2261 novem
1029 2201 1147 2261 solidos
1177 2202 1315 2263 debitum

213 2292 319 2344 cutum
328 2281 372 2362 f)
394 2279 480 2339 terni
495 2277 591 2340 solidi
610 2286 800 2344 accrescant.
829 2279 1001 2360 ascendat,
1040 2282 1169 2360 idest,
1208 2293 1315 2366 utper

254 2363 316 2425 lll.
357 2361 393 2421 Si
409 2381 556 2424 veronec
576 2361 671 2420 fidem
687 2361 801 2423 factam
829 2363 971 2444 singulas
992 2363 1245 2443 admonitiones,
1267 2362 1314 2426 vel

211 2443 252 2508 ad
269 2442 421 2529 placitum
443 2441 597 2525 legittime
612 2443 731 2504 factum
746 2463 801 2503 vo·
829 2447 929 2506 solem
944 2445 1115 2526 auleatum,
1139 2447 1225 2507 terni
1242 2444 1315 2509 soli·

210 2527 310 2590 luerit
334 2525 536 2607 persolvere,
566 2533 645 2586 tunc
665 2525 721 2584 ille
747 2523 801 2586 cni
829 2527 862 2589 di
885 2527 1079 2590 adcrescant.
1121 2527 1154 2588 Si
1168 2549 1246 2590 vcro
1261 2547 1314 2588 nec

212 2611 291 2672 fides
308 2607 391 2667 facta
418 2614 480 2682 est,
505 2606 646 2666 ambulet
662 2607 702 2666 ad
719 2609 801 2666 Gra·
828 2608 924 2670 fidem
943 2609 1059 2670 factam
1077 2608 1110 2670 iu
1128 2609 1249 2690 placito
1272 2610 1315 2670 le·

209 2694 339 2754 rionem
356 2688 421 2750 loci
441 2687 541 2765 illius,
556 2689 590 2747 in
608 2685 800 2769 cuiuspago
828 2690 1069 2774 gitimosolvere
1082 2691 1235 2772 voluerit,
1244 2701 1316 2753 tunc

211 2781 338 2848 manet,
361 2769 561 2852 accipiatque
586 2769 747 2847 fistucam,
769 2778 802 2830 et
829 2774 886 2834 ille
902 2773 954 2834 cui
975 2773 1053 2834 fides
1071 2773 1152 2834 facta
1168 2785 1233 2852 est,
1255 2794 1317 2834 aru·
1387 2793 1388 2820 t

212 2857 299 2916 dicat
310 2853 466 2916 verbum:
486 2853 538 2912 Tu
547 2852 664 2914 Granio
674 2857 801 2932 rogote,
829 2855 921 2916 bulet
936 2853 975 2915 ad
994 2855 1169 2936 grafionem
1194 2856 1259 2918 loci
1281 2855 1316 2915 il·

212 2938 310 2997 'homo
334 2935 390 2994 ille
406 2931 462 3012 qui
480 2931 559 2991 mihi
582 2933 677 2993 fidem
701 2931 802 3008 lecit,
830 2936 894 2997 lius
918 2935 951 2995 in
971 2936 1062 2997 cuius
1087 2958 1168 3018 pugo
1196 2946 1316 3012 manet,

212 3038 311 3097 quem
321 3014 475 3096 legittime
487 3013 589 3075 habco
600 3013 803 3074 admallatum
831 3017 1030 3100 accipiatque
1044 3019 1209 3094 festucam,
1226 3031 1259 3081 ct
1273 3019 1306 3080 di

212 3106 254 3176 g)
273 3095 451 3158 secuudum
469 3097 588 3176 Legem
607 3095 753 3172 Salicem,
771 3103 803 3156 et
831 3107 882 3160 cat
899 3099 1034 3161 verbum
1052 3099 1155 3160 istud:
1181 3101 1230 3160 Tu
1245 3121 1300 3180 gra

214 3179 247 3239 in
269 3177 332 3238 hoc
352 3177 439 3258 quod
454 3175 522 3236 Lex
541 3175 644 3237 Sulica
662 3177 804 3238 habetet
821 3181 876 3264 fio
890 3200 964 3258 rogo
978 3193 1029 3250 te,
1052 3183 1126 3263 quia
1148 3182 1203 3240 ille
1228 3185 1315 3243 homo

214 3262 370 3335 continet,
392 3266 424 3317 ct
445 3277 504 3338 ego
521 3279 618 3339 super
637 3279 688 3318 me
706 3268 738 3319 et
753 3280 803 3318 su·
831 3261 1060 3333 denominatus,
1073 3261 1128 3344 qui
1136 3263 1316 3347 mihifidem

211 3362 270 3424 pcr
290 3341 452 3399 fortunam
472 3358 572 3397 meam
591 3361 693 3420 pono,
715 3337 803 3421 quod
822 3341 923 3424 fecit,
945 3362 1035 3424 quem
1058 3342 1192 3421 legitime
1222 3345 1315 3405 habeo

213 3443 344 3484 securus
355 3420 445 3480 mitto
462 3440 559 3502 super
573 3421 733 3481 fortunam
747 3443 802 3482 su·
830 3423 1021 3484 adiectivum
1042 3427 1096 3484 vel
1116 3424 1316 3485 admallatum

214 3526 265 3564 am
282 3523 419 3566 manum.
467 3502 509 3562 Et
525 3501 608 3561 dicat
630 3503 669 3563 de
683 3511 802 3584 quanta
830 3503 997 3565 secundum
1013 3505 1110 3585 legem
1128 3503 1279 3576 Salicum,
1287 3514 1316 3566 et

213 3607 322 3648 caussa
342 3593 497 3666 quantum
514 3583 543 3644 ei
565 3583 660 3644 fidem
677 3583 802 3644 fecerit.
829 3607 884 3665 ego
905 3606 1000 3668 super
1013 3608 1072 3664 me,
1095 3601 1125 3647 et
1144 3585 1315 3671 superscr-

137 3733 143 3738 ,
212 3670 307 3730 Turro
331 3666 449 3728 Granio
470 3673 563 3760 roget
589 3673 710 3747 septem
737 3667 801 3724 Ra·
830 3685 936 3727 eunom
954 3689 1053 3750 aream
1065 3667 1317 3750 pono‚quodse·
1386 3737 1387 3758 χ

212 3749 443 3832 thimhurgios,
472 3769 529 3830 qur
560 3767 667 3808 secum
695 3746 803 3806 ambu·
829 3768 921 3809 curus
936 3750 1025 3810 mitto
1040 3750 1075 3812 in
1089 3749 1258 3832 fortunam
1280 3746 1316 3807 it·

210 3831 281 3892 lent
302 3833 341 3892 ad
358 3831 486 3892 domum
507 3827 607 3906 illius,
629 3827 685 3910 qui
705 3828 799 3888 fidem
827 3830 888 3889 lius
917 3851 1066 3891 manum:
1103 3839 1136 3893 et
1164 3830 1249 3891 dicut
1277 3829 1315 3890 de

209 3913 308 3992 lecit,
337 3913 431 3992 dicat,
455 3912 481 3975 si
495 3931 646 3995 praeseus
661 3918 719 3989 cst,
740 3931 799 3974 ro-
826 3919 946 3995 quanta
960 3932 1052 3976 causa
1068 3913 1099 3977 ei
1120 3911 1217 3974 fidem
1229 3911 1315 3974 fece·

220 4038 227 4051 Α

209 4061 641 4087 ,ΒΜ

278 4139 314 4204 d)
333 4141 367 4194 lu
394 4155 475 4208 marg.
508 4140 610 4198 caten.
677 4138 759 4210 r)1n
784 4154 867 4213 marg.
895 4139 1045 4205 nundinas.
1112 4144 1153 4217 s)
1179 4140 1212 4206 ln
1238 4155 1315 4208 murz.

209 4209 351 4265 ontearum.
423 4214 458 4282 a)
476 4207 509 4266 Ia
524 4227 604 4282 marg·
623 4207 816 4272 cdriceltum.
1100 4265 1105 4270 ,
