2876 4992
438 359 545 416 *treis
563 319 809 414 atruaaroauu
828 361 900 413 nr.
918 359 1013 414 xxxi
1178 341 1257 417 ult
1264 343 1283 413 1

145 493 148 501 Δ
171 499 176 505 “
199 523 205 532 ”
255 501 343 574 Ttr.
360 500 487 575 XXV.
537 503 594 572 Dc
611 523 690 572 osse
713 501 832 574 fracto
848 523 1039 578 servorum
1057 512 1252 591 aseris-1¹0

263 629 298 690 si
318 651 352 690 os
378 629 409 692 εἰ
434 629 589 713 fregerit,
622 631 767 714 qunque
791 631 903 696 sonus
921 633 1093 718 culpabitis
1116 607 1288 702 suadellis.

210 823 212 826 ,
303 747 392 817 Tim
407 748 554 821 XXVI.
611 749 671 820 De
694 750 940 820 debilitatibus
962 774 1163 824 servorum·

263 869 361 948 Quod
388 867 416 930 si
440 867 591 946 oculum,
621 856 822 946 auriculum,
843 889 977 942 nasum,
999 889 1150 945 manum,
1172 867 1289 949 pedem
1358 919 1360 922 ,

180 950 377 1029 excusserit,
397 949 448 1012 bis
477 971 594 1013 novem
625 948 738 1014 solidis
768 949 917 1013 dominus
942 951 1012 1014 cius
1039 951 1212 1048 culpabilis
1234 942 1297 1010 iu-'

181 1036 317 1099 dicetur.

311 1154 399 1231 ΤιΤ,
420 1149 587 1226 xxvtl.
632 1151 695 1224 De
713 1153 933 1223 castratione
953 1173 1155 1237 servorum·

265 1271 300 1336 Si
326 1281 431 1334 autem
455 1294 531 1334 enm
552 1272 757 1353 castraverit,
778 1273 910 1356 triginta
929 1295 990 1349 ,sex
1010 1275 1124 1347 solidis
1147 1272 1290 1358 culpabi·

182 1355 223 1428 lis
246 1354 426 1433 iudicetur,
447 1364 503 1416 ant
524 1363 568 1430 o)
590 1377 664 1418 cum
687 1377 744 1418 sex
767 1355 862 1423 iuret.

153 1476 272 1551 1ΤΙΤ·
298 1472 480 1548 XXVIII.
527 1474 587 1545 De
615 1443 870 1546 interiectione
899 1497 1094 1550 serrorum
1125 1467 1290 1548 acervo·

267 1594 302 1654 Si
324 1603 430 1655 autem
452 1613 563 1654 servus
585 1613 712 1654 servum
732 1592 955 1676 interfecerit,
979 1595 1128 1659 dominus
1148 1595 1217 1658 eius
1236 1597 1300 1656 tri-¹
1377 1584 1380 1628 1
1406 1623 1408 1627 ⁴

141 1744 143 1749 ,
184 1677 270 1760 ginta
285 1697 340 1738 sex
359 1683 403 1758 p)
424 1675 535 1738 solidis
556 1674 726 1758 culpabilis
748 1676 929 1758 iudicetur,
950 1689 1007 1740 aut
1025 1699 1100 1740 cum
1116 1699 1173 1740 sex
1193 1677 1290 1756 iuret,
1357 1675 1359 1678 ’

184 1759 273 1844 quod
294 1781 406 1821 servus
424 1758 492 1820 eius
513 1757 575 1819 hoc
600 1779 665 1818 nou
689 1759 827 1827 fecisset,
1317 1779 1318 1790 ¹

300 1911 306 1935 <
368 1876 467 1950 Tm„
483 1876 630 1950 XXIX.
679 1878 737 1946 De
763 1875 869 1948 furtis
894 1901 1094 1952 servornm·

268 1996 364 2074 Quod
387 1996 413 2056 si
444 2017 552 2058 servus
580 1996 702 2056 furtum
735 1995 867 2075 fecerit,
897 1998 1045 2058 dominus
1068 1999 1136 2060 eius
1159 1985 1307 2080 triginta

87 2157 89 2162 ,
133 2135 134 2140 ,
186 2100 244 2141 sex
262 2079 385 2173 solidis.
398 2078 568 2162 culpabilis
598 2078 777 2152 iudicetur;
806 2089 940 2164 excepto
966 2080 1123 2166 capitale,
1151 2091 1185 2146 et
1208 2081 1295 2144 dela-

185 2171 289 2222 turam
309 2169 456 2222 restrtuat
476 2169 526 2245 q).

259 2279 348 2350 ΤΙΤ.
375 2279 501 2354 ΧΧΧ.
551 2280 609 2352 De
636 2279 925 2373 interpellatione
945 2274 990 2378 r)
1013 2305 1216 2355 servorum·

306 2400 416 2462 Editio
438 2398 621 2460 Heroldino
640 2401 721 2459 hunc
744 2401 867 2460 titulum
883 2403 918 2462 in
938 2414 1002 2462 tres
1024 2401 1168 2464 dissecat.

269 2505 296 2572 l.
340 2507 435 2586 Quod
452 2507 478 2567 si
495 2504 566 2588 quis
587 2505 622 2564 in
642 2505 763 2568 iudicio
785 2528 843 2588 pro
865 2528 956 2568 servo
980 2508 1204 2590 interpellatus
1223 2506 1296 2570 fue·
1382 2563 1383 2566 ,

185 2589 228 2650 rit
249 2599 299 2667 s),
333 2590 359 2650 si
384 2609 495 2650 servus
519 2589 592 2648 talis
621 2609 685 2649 non
711 2591 830 2666 fuerit,
867 2589 954 2650 nude
981 2589 1130 2651 dominus
1156 2589 1292 2662 eiusde

187 2673 304 2733 fiducia
323 2693 456 2732 securus
477 2693 543 2732 esse
562 2671 676 2752 possit,
699 2671 848 2733 dominns
872 2671 939 2732 eius
964 2672 997 2731 iu
1025 2671 1225 2753 indiciopro
1251 2693 1291 2732 eo

186 2753 401 2837 interrogatus
422 2753 613 2836 respondeat
635 2762 678 2830 t),
701 2763 733 2814 et
750 2754 818 2814 sine
840 2763 977 2834 tangano
1003 2755 1169 2838 loquatur,
1194 2761 1226 2812 et
1244 2755 1294 2815 di·
1352 2771 1355 2831 j
1383 2759 1406 2815 ,’

187 2846 251 2896 cat:
272 2839 341 2918 Ego
363 2838 477 2918 ignoro
499 2846 607 2898 utrum
623 2837 735 2901 servus
754 2857 845 2899 mens
866 2836 1053 2921 culpabilis,
1075 2857 1116 2895 an
1132 2835 1296 2899 innocens¹

129 2964 131 2967 s
185 2920 226 2985 dc
248 2919 310 2981 hoc
332 2919 488 2984 extiterit,

367 3029 540 3120 Tium·
587 3036 645 3106 De
667 3027 774 3131 seruo
800 3037 1119 3135 repraesentando,

267 3160 443 3240 Propterea
466 3179 540 3218 eum
563 3156 748 3218 secundum
764 3158 868 3239 legem
888 3157 1071 3239 Ripnariam
1092 3159 1190 3238 snper
1211 3177 1295 3238 qua·
1331 3229 1332 3234 η
1387 3201 1390 3210 ,
1436 3227 1437 3230 ¹

185 3242 366 3302 tnordecim
386 3249 495 3300 noctes
519 3239 558 3301 ad
586 3239 695 3322 ignem
715 3249 758 3310 u)
786 3249 993 3323 repraesento
1030 3248 1082 3313 o).
1125 3237 1292 3307 Etsicde
1336 3251 1339 3258 “
1388 3276 1392 3282 -

185 3324 256 3384 eius
278 3323 459 3404 praesentia
482 3343 555 3382 cum
579 3324 699 3384 festuca
731 3321 827 3382 tidem
852 3322 957 3382 iaciat.
1000 3322 1097 3401 Quod
1128 3322 1154 3384 si
1181 3341 1293 3388 servus

185 3407 220 3466 in
245 3407 351 3487 ignem
370 3426 501 3464 manum
523 3404 662 3480 miserit,
684 3412 715 3464 et
740 3405 855 3464 laesam
881 3405 1010 3482 tulerit,
1035 3405 1183 3468 dominus
1204 3403 1293 3482 eius,
1335 3457 1336 3462 ,

184 3489 268 3553 sieut
289 3489 343 3549 lex
362 3487 525 3564 continet,
548 3487 587 3548 de
608 3487 695 3548 furto
714 3486 798 3549 servi
817 3487 987 3570 culpabilis
1008 3487 1180 3550 indicetur.

253 3740 289 3812 o)
315 3741 391 3793 tind.
410 3755 459 3798 ant
485 3744 511 3794 si
535 3743 677 3812 negaverit
712 3761 773 3795 oum
801 3761 850 3797 sex
872 3745 955 3810 iuret.
1003 3747 1049 3812 P)
1066 3741 1178 3794 Herold.
1196 3739 1291 3794 XXX.

184 3813 219 3883 q)
233 3811 354 3864 Sichard.
381 3827 492 3883 excepto
510 3831 558 3874 eo,
585 3811 660 3883 quod
672 3815 790 3882 capitale
814 3827 840 3866 et
860 3813 1010 3866 dilaturum
1026 3815 1161 3864 restituat.
1190 3811 1243 3862 Til.
1262 3819 1292 3864 et

184 3884 262 3936 Liud.
282 3901 340 3934 exc.
360 3901 419 3951 cop.
445 3896 471 3935 et
498 3882 565 3941 det,
585 3900 656 3952 qnae
685 3887 819 3938 restituat.
875 3886 913 3950 r)
934 3881 1078 3934 lindenbr.
1095 3881 1179 3934 addit:
1199 3893 1226 3932 et
1247 3881 1293 3931 in-

185 3953 283 4006 cendio
304 3965 353 4004 etc.
407 3958 442 4014 s)
461 3953 527 4006 Met.
550 3951 634 4004 addit:
655 3953 731 4024 quod
753 3951 911 4010 incendium
929 3953 1099 4024 perpetrarit
1113 3955 1138 4002 si
1154 3963 1203 4002 etc.
1233 3951 1293 4016 ft)
1376 3976 1378 3980 ·

183 4022 294 4076 Herold.
314 4025 345 4073 in
357 4021 461 4074 iudicio
480 4035 608 4092 rogatus:
626 4023 812 4094 interrogatus
837 4023 1006 4092 respondeat.
1030 4022 1096 4074 eod:
1123 4019 1246 4085 Sangall..
1261 4021 1293 4070 in

89 4147 90 4153 ,
184 4093 289 4146 iuditio
302 4111 354 4162 pro
367 4111 397 4144 eo
410 4091 591 4160 respondeat,
613 4105 639 4144 et
650 4093 709 4145 sine
726 4107 775 4147 etc.
812 4087 1294 4163 Corbion.respondeatadinterroq
1325 4134 1328 4138 .

132 4168 133 4171 ’
182 4165 305 4234 gationis
319 4163 426 4226 stabat,
445 4165 529 4216 liceat
551 4164 577 4215 ei
593 4165 653 4216 sine
671 4173 794 4236 tongeno
810 4165 938 4236 loquere,
959 4177 984 4216 et
1001 4162 1085 4218 dicat.
1121 4161 1187 4212 Met.
1203 4160 1234 4208 in
1249 4159 1294 4212 ἰιι-
1365 4185 1367 4189 ¹

164 4231 257 4286 ,dicio
279 4237 466 4302 interrogatus
490 4251 542 4303 pro
567 4250 598 4284 eo
617 4234 799 4303 respondeat,
819 4247 845 4292 et
863 4237 923 4290 sinc
941 4241 995 4290 etc.
1048 4231 1086 4305 u)
1104 4229 1232 4286 Corbicm
1250 4229 1294 4301 ig·

173 4320 270 4359 neum.
327 4305 363 4372 ν)
379 4304 488 4359 Herold.
506 4304 700 4376 repraesentet.
1091 4303 1094 4310 ’
1186 4315 1199 4336 t·
1339 4303 1341 4307 ’
