2906 5008
403 320 507 376 neers
532 319 820 382 nossessiones
843 320 913 376 rrr.
934 308 970 374 11.
1162 305 1248 384 Μ’.

131 458 346 538 decrevimus,
380 469 417 520 nt
437 459 520 533 petri
539 457 636 520 ctiam
650 467 822 540 antequam
848 459 986 538 dividat,
1008 459 1049 524 d'e
1072 467 1245 534 commni-

130 547 283 609 fecultete
305 551 338 604 et
366 541 406 603 de
430 543 539 602 labore
570 563 630 602 suo
655 542 791 603 cuilibet
818 543 939 604 donare
968 543 1076 618 liceat,
1116 548 1245 630 absque‘

132 639 218 691 terra
241 625 335 688 sortis
357 623 456 685 titulo
483 624 657 706 acquisita,
692 625 732 686 de
752 645 815 708 qua
835 625 953 709 prioris
975 626 1056 710 legis
1073 630 1154 692 ordo
1173 653 1241 694 ser·

131 712 270 774 rabitur.
402 717 404 722 '
672 755 676 766 .
732 765 735 772 ,
1238 751 1244 761 .

213 794 259 854 11.
302 789 368 851 Aut
389 789 419 852 si
443 810 515 850 cum
539 788 614 850 filiis
635 787 799 866 diviserit,
822 798 854 850 et
877 790 1061 872 portionem
1079 815 1167 858 suam
1187 806 1240 860 tus

132 876 221 954 lerit,
244 882 277 935 et
300 870 548 953 posteadealia
569 889 668 932 uxore
689 871 772 932 filios
803 869 952 934 babuerit
979 885 1033 936 eut
1058 899 1159 939 uarum
1184 891 1244 944 ene

135 961 260 1044 plures,
283 954 334 1016 illi
354 954 424 1032 lilii,
446 954 502 1036 qui
523 955 564 1015 de
584 954 724 1017 secunda
738 975 838 1014 uxore
860 965 946 1032 suot,
968 956 1120 1038 inillam,
1141 983 1239 1044 quam

134 1052 228 1126 pater
255 1039 401 1120 accepit,
429 1035 611 1119 portionem
633 1036 824 1098 succedant:
853 1047 886 1097 et
909 1038 970 1118 illi,
995 1041 1052 1122 qni
1078 1063 1151 1104 cum
1179 1061 1244 1128 pas.

134 1135 184 1185 tre
212 1121 391 1185 dividentes
411 1118 575 1202 portiones
596 1139 667 1180 suas
686 1120 816 1180 fueraut
839 1123 1028 1202 consecuti,
1058 1123 1097 1184 ab
1116 1126 1162 1188 eis
1180 1149 1243 1211 po·

143 1207 231 1267 nitus
253 1199 335 1262 nibil
358 1203 534 1284 requirant.

217 1286 279 1351 111.
324 1286 411 1346 Illud
439 1284 536 1346 etiam
553 1282 631 1346 huic
654 1281 721 1366 legi
746 1284 886 1367 adiungi
900 1286 1037 1368 placuit,
1059 1299 1096 1351 ut
1115 1291 1141 1353 si
1167 1292 1242 1374 quis

137 1372 178 1434 de
200 1369 323 1452 populo
351 1377 460 1430 nostro
488 1365 712 1447 bparentibus
730 1367 845 1428 nostris
868 1371 1108 1434 munificentiae
1129 1395 1241 1437 caussa

136 1451 263 1534 aliquid
293 1449 473 1533 percepisse
502 1448 716 1532 dignoscitur,
747 1445 781 1509 id
808 1451 896 1532 quod
925 1451 955 1512 ei
985 1455 1149 1518 conlatum
1174 1468 1246 1536 est,

137 1535 234 1597 etiam
264 1555 304 1594 ex
326 1543 433 1594 nostra
455 1531 619 1614 largitate,
644 1540 681 1592 nt
709 1531 784 1593 liliis
804 1532 869 1594 suis
896 1534 1070 1617 relinquet,
1092 1560 1241 1623 praesen.

136 1619 163 1680 ti
189 1616 420 1678 constitutione
449 1622 651 1696 praestamus.
1198 1654 1240 1686 ,μ

219 1700 275 1764 lv.
319 1698 359 1760 Id
390 1696 490 1757 etiam'
508 1699 699 1774 statuentes,
730 1704 768 1757 ut
788 1694 814 1758 si
837 1695 918 1779 quid
939 1697 1034 1760 etiam
1062 1700 1101 1764 de
1131 1713 1240 1772 nostro

137 1802 291 1856 munere,
310 1789 364 1840 aut
384 1781 454 1840 Deo
478 1787 655 1862 praestante
676 1779 771 1840 aliter
794 1781 1008 1864 perceperint,
1032 1778 1241 1846 donationum

140 1870 320 1925 nostrarum
347 1871 454 1924 tentus
473 1859 656 1925 ostendunt.
698 1863 850 1944 Superest
877 1872 913 1922 ut
936 1866 1103 1945 posteritas
1129 1889 1241 1929 eorum

140 1966 180 2006 ea
202 1945 372 2007 devotione
396 1953 430 2006 et
456 1943 519 2004 fide
548 1942 728 2020 deserviat,
754 1953 797 2004 ut
822 1965 938 2027 augere
964 1945 1024 2006 sibi
1056 1959 1088 2009 et
1115 1955 1242 2014 servare

140 2028 227 2090 circa
250 2049 283 2090 se
310 2036 683 2112 parentumunostrorum
705 2047 840 2087 munera
862 2038 1042 2110 cognoscat.
1118 2083 1121 2088 .
1231 2085 1236 2094 ,

435 2175 598 2252 ΤιΤ.11.
646 2177 705 2249 De
728 2179 945 2255 homicidiis.

225 2307 250 2374 1.
292 2307 326 2370 Si
341 2308 412 2389 quis
429 2307 594 2368 bominem
616 2304 791 2388 ingenuum
814 2329 854 2369 ex
869 2309 990 2392 populo
1010 2319 1119 2374 nostro
1137 2313 1242 2378 cuius·

141 2391 221 2454 libet
242 2391 402 2468 nationis,
424 2400 479 2450 aut
505 2411 632 2451 serrum
648 2388 766 2470 Regis,
802 2391 932 2452 natione
954 2393 1106 2455 duntaxat
1126 2397 1243 2458 barba·

140 2497 214 2537 rum
231 2472 286 2556 f),
308 2473 456 2534 occidere
481 2472 653 2540 damnabili
679 2493 758 2532 ausu
779 2481 834 2531 aut
858 2475 1033 2536 temeritate
1056 2497 1241 2563 praesump-

140 2558 227 2628 serit;
250 2577 316 2616 non
345 2557 439 2616 aliter
455 2555 626 2616 admissum
649 2555 791 2632 crimen,
812 2573 910 2636 quam
935 2557 1099 2640 sanguinis
1119 2561 1169 2621 s‘ni
1198 2562 1246 2625 efa'

141 2639 270 2702 fusione
298 2647 476 2720 componat.

224 2722 267 2781 11.
311 2721 398 2780 Illud
424 2740 500 2781 sane
525 2716 602 2778 huic
625 2714 689 2798 legi
711 2719 894 2781 rationabili
920 2722 1107 2786 ‘censuimus
1129 2723 1243 2807 provi-²

144 2802 235 2864 sione
257 2801 406 2884 subiungi
430 2809 477 2879 g),
506 2811 543 2861 ut
568 2799 594 2860 si
618 2801 672 2859 cui
694 2800 820 2863 forte'd
846 2823 1044 2885 quocunque
1068 2807 1164 2866 inlata
1195 2811 1241 2872 vis

142 2885 253 2960 fuerit,
280 2892 316 2942 ut
340 2896 392 2945 eut
423 2884 539 2944 ictibus
560 2882 742 2961 verberum,
768 2894 823 2944 aut
844 2886 1033 2947 vulneribus
1068 2899 1240 2971 urgeatur,

143 2975 176 3026 et
209 2966 286 3027 dum
314 2966 496 3046 insequitur
522 2965 755 3046 percutientem
786 2967 898 3029 dolore
935 2976 989 3027 ant
1019 2969 1244 3053 indignatione

143 3050 325 3130 compulsus
349 3047 512 3124 occiderit,
534 3056 628 3128 atque
653 3047 696 3106 ita
720 3051 839 3110 factum
862 3071 897 3111 re
923 3049 1004 3132 ipsa,
1026 3061 1080 3112 aut
1105 3049 1242 3133 idoneis,

143 3131 260 3212 quibus
285 3130 372 3192 credi
401 3129 516 3212 possit,
545 3128 678 3188 testibus
703 3130 803 3193 fuerit
832 3133 1088 3215 comprobatum,
1118 3138 1243 3198 medie-

142 3223 240 3274 tatem
265 3212 359 3294 pretii
386 3211 563 3278 secundum
589 3210 775 3292 qualitatem
802 3235 956 3296 personae
980 3217 1077 3278 occisi
1105 3219 1247 3299 parenti-³

143 3296 202 3356 bus
228 3303 360 3378 cogatur
391 3293 574 3356 exsolvere:
596 3293 657 3352 hoc
681 3306 746 3372 est,
775 3295 801 3358 si
824 3297 1009 3380 optimatem
1031 3286 1248 3364 nobilemoci·

142 3378 270 3456 ciderit,
293 3377 324 3436 in
350 3377 549 3438 medietatem
568 3375 663 3460 pretii
677 3378 738 3442 CL.
760 3378 817 3440 sol.
859 3379 892 3440 Si
908 3377 1047 3462 aliquem
1066 3382 1100 3442 in
1118 3386 1242 3468 populo

143 3469 252 3521 nostro
276 3460 471 3520 mediocrem
492 3459 545 3538 C.‚
574 3475 633 3542 pro
666 3459 790 3521 minore
817 3481 952 3544 persona
971 3461 1107 3532 LXXV.
1128 3467 1241 3530 solidis

141 3542 355 3626 praecipimus
376 3561 556 3606 numerare.

225 3624 286 3692 111.
328 3625 363 3686 si
389 3647 497 3687 servus
523 3624 689 3686 inconscio
711 3625 841 3686 domino
870 3623 1036 3688 bominem
1064 3629 1245 3712 ingenuum

143 3707 290 3768 occidere
324 3707 453 3770 tortasse
489 3706 748 3790 praesumpserit,
781 3729 892 3770 servus
922 3710 1066 3771 tradatur
1087 3715 1133 3773 'ad
1155 3736 1242 3775 mor·

144 3797 221 3868 tem,
244 3789 392 3851 dominus
416 3810 494 3850 vero
515 3789 669 3849 reddatur
690 3789 881 3872 indempnis.

227 3872 284 3936 lv.
328 3871 362 3931 si
383 3871 529 3932 dominns
551 3871 646 3933 huius
667 3871 742 3932 facti
764 3874 911 3935 conscius
933 3873 1044 3953 fuerit,
1069 3877 1161 3938 ambo
1180 3888 1242 3940 tra·
1282 3845 1284 3850 V

147 3951 265 4013 dantur
295 3953 334 4012 ad
359 3963 502 4017 mortem.
1242 3965 1245 3972 “

227 4036 267 4099 V.
308 4035 342 4095 Si
363 4057 472 4096 servus
495 4035 562 4117 ipse
586 4045 658 4118 post
682 4039 803 4098 factum
827 4035 979 4117 defuerit,
1007 4040 1155 4106 dominus
1175 4044 1244 4108 eins

205 4202 242 4275 f)
260 4204 301 4254 Al.
320 4217 366 4254 ms.
387 4202 508 4252 notionis
526 4197 665 4253 duntaxat
679 4203 868 4277 barbarorum.
938 4201 968 4276 g)
984 4205 1025 4259 Al.
1043 4221 1090 4259 ms.
1117 4208 1173 4280 legi
1198 4205 1247 4261 as:

142 4271 289 4326 iiciendum
302 4273 465 4342 probatione
482 4269 620 4341 subiungi.
1181 4281 1182 4289 ¹
1243 4283 1246 4288 ·
