2876 4992
203 277 276 356 1²38
394 379 397 388 V
640 299 707 357 tex
745 303 869 359 situel

189 441 269 503 ‹l‘nr'n
289 449 344 501 eut
360 450 434 500 ente
449 441 626 523 regemvel
640 439 673 503 iu
698 444 746 506 le-‘
776 444 832 527 qui
850 445 973 504 faciunt
991 445 1048 508 sol.
1066 446 1166 510 LXII.
1185 447 1217 512 S.
1234 448 1309 510 cnl-

201 523 313 605 gitimo
330 523 472 605 publici,
495 525 552 604 qui
574 526 690 607 occipit
707 549 740 586 in
775 527 889 610 pabilis
906 527 1076 590 iudicetur.

200 607 270 666 leso
303 607 467 664 furtuunm
498 607 558 689 ipsi
592 618 665 667 unte
692 629 742 668 re·
816 610 850 668 Si
867 631 942 670 vero
960 611 1039 691 quid
1063 610 1209 692 superius
1229 612 1312 674 dixi·-

200 709 272 771 gem
291 698 345 747 ant
371 687 404 746 in
423 689 554 748 mallum
582 691 742 772 legitimus
774 713 843 752 mus
870 691 976 751 omnia
998 695 1177 753 secundnm
1203 696 1310 778 legem

200 769 447 853 publicumhoc
469 780 516 838 est
530 772 563 831 in
579 773 741 854 mulbergo
774 774 955 855 impleverit
968 783 1030 834 tres
1047 775 1104 839 sol.
1126 787 1158 836 et
1174 777 1247 842 den.
1267 779 1310 838 il„

201 854 340 912 anteuda
356 863 411 912 aut
428 853 558 934 tuginus
576 857 740 914 fortunam
772 856 804 916 le
821 856 872 915 cui
887 857 974 936 reipe
992 857 1151 918 debentur
1165 859 1309 940 accipiat.

200 957 290 996 sunm
320 935 407 1015 qnod
431 936 534 996 eredis
564 937 740 1018 appellarit
814 941 848 998 Si
869 959 969 1018 nepus
994 940 1110 1000 sororis
1131 941 1215 1002 filins
1233 944 1308 1003 fue-

199 1016 325 1100 publici
349 1038 454 1078 corum
483 1017 668 1078 hominibus
685 1019 739 1079 fis-
772 1019 815 1080 rit
832 1021 939 1080 senior
957 1022 1023 1102 ipse
1047 1021 1192 1102 accipiat.

199 1108 305 1160 tusam
324 1098 356 1158 in
371 1100 437 1160 leso
450 1098 597 1177 inotussit,
618 1101 679 1160 hoc
692 1110 739 1162 est
812 1102 845 1162 Si
881 1123 958 1162 vero
992 1104 1094 1185 neptis
1122 1105 1207 1166 filins
1241 1125 1308 1166 non

199 1181 261 1242 lx.
285 1181 465 1242 testimonia
492 1183 540 1240 vel
570 1183 658 1243 testis
692 1193 738 1244 sta
771 1184 871 1244 fuerit
890 1186 1080 1245 consobrine
1096 1185 1181 1246 filius
1199 1187 1309 1267 quiex

199 1265 306 1324 omnin
329 1263 450 1325 debunt
467 1263 642 1326 adfirmare.
771 1276 914 1326 materno
933 1289 1051 1348 genere
1071 1268 1160 1355 venit
1178 1268 1245 1351 ipse
1258 1291 1308 1330 ae·

199 1379 343 1452 XLIII·
394 1381 652 1451 DeFeltortus
675 1384 742 1476 quiv
770 1349 876 1430 ciprat,

429 1475 462 1496 ·.
557 1484 564 1499 ,
812 1431 845 1490 Si
879 1431 965 1495 enim
995 1433 1186 1502 consobrine
1219 1431 1306 1493 filius

188 1587 190 1594 Α
269 1481 370 1570 Lege
392 1481 509 1548 salma
531 1493 663 1553 went·
770 1535 836 1573 non
850 1514 950 1573 fuerit
963 1525 1040 1574 tnnc
1058 1515 1309 1577 avunculusfra-

189 1633 208 1678 g
240 1599 364 1680 Siquis
384 1619 512 1659 serrum
530 1603 588 1658 'aut
609 1600 736 1676 ancilla,
770 1605 821 1656 ter
841 1597 948 1656 matris
963 1595 1071 1676 reipus
1090 1598 1232 1678 accipiat.

197 1680 360 1743 ,caballum
383 1680 435 1740 vel
466 1683 644 1762 quemlibet
669 1703 738 1742 rem
812 1678 844 1736 Si
865 1700 943 1739 vero
961 1677 1064 1738 adbuc
1085 1701 1306 1740 neoevnncn·

201 1785 275 1824 cum
295 1763 431 1824 ultorum
444 1765 619 1845 agnoverit,
636 1765 738 1824 mittut
772 1761 822 1820 lus
834 1761 933 1820 fuerit
944 1770 1021 1820 tunc
1039 1763 1233 1823 freterillins
1249 1761 1306 1841 qui

200 1845 319 1908 eumin
341 1847 435 1906 tertia
452 1868 599 1922 manum,
619 1855 651 1906 et
670 1845 738 1923 ille,
772 1842 1144 1904 eammulierembabuit
1159 1845 1186 1905 si
1203 1845 1236 1903 in
1253 1843 1309 1903 be·
1349 1909 1355 1920 ¹

200 1928 288 2008 qnod
310 1948 406 2009 quem
427 1930 615 2008 agnoscitur
644 1929 740 1989 debet
771 1925 939 1984 reditntem
964 1935 1119 1985 venturus
1156 1948 1220 1985 non
1258 1935 1307 1986 est

199 2010 353 2091 agramire
369 2010 440 2069 etsi
456 2012 540 2070 intra
553 2011 673 2091 Legere
684 2021 740 2070 aut
771 2005 838 2088 ipse
856 2007 953 2087 ipsius
971 2005 1079 2087 reipus
1098 2009 1242 2089 occipiat.

199 2091 395 2152 Carbonaria
411 2093 501 2151 ambo
517 2102 663 2168 manent,
681 2092 737 2173 qni
810 2090 846 2149 *si
861 2091 932 2168 quis
952 2109 1011 2148 nec
1030 2089 1096 2170 ipse
1115 2093 1213 2150 freter
1230 2091 1305 2150 fue-

199 2173 355 2252 egnuscit,
381 2184 495 2234 etcum
514 2195 609 2255 quem
626 2197 738 2255 agnus·
770 2171 811 2231 rit
828 2173 884 2251 qui
902 2171 1078 2252 proximior
1097 2171 1196 2231 suerit
1213 2183 1304 2232 extra

199 2257 285 2314 citur
310 2257 343 2314 in
358 2256 474 2318 ,noctis
495 2256 562 2320 XL.
585 2257 738 2338 placitum
767 2254 913 2334 superins
941 2254 1120 2315 nominatus
1144 2254 1210 2334 ipse
1234 2255 1317 2314 rei-'

194 2338 337 2412 faciunt,
378 2348 409 2398 et
433 2340 536 2419 ipsum
565 2340 737 2420 placitum,
765 2335 985 2417 pusaccipint.
1027 2336 1061 2394 Si
1079 2357 1138 2395 nec
1153 2338 1216 2396 ista
1232 2336 1303 2398 fne-

192 2421 311 2500 ‘quanti
333 2420 475 2496 fuerint,
498 2421 553 2501 qni
578 2421 738 2481 caballum
765 2417 833 2476 rint
852 2418 884 2480 in
900 2418 976 2477 fisco
989 2417 1071 2496 reipi
1085 2418 1146 2499 ipsi
1161 2420 1211 2477 vel
1229 2440 1302 2478 cnu-

199 2501 740 2582 ipsumnutvindederint,autenm·
765 2521 798 2558 sa
826 2521 922 2580 quem
950 2500 1067 2560 exinde
1104 2509 1172 2560 orte
1200 2501 1301 2560 fuerit

198 2583 386 2657 hiaverunt,
409 2593 463 2643 aut
488 2586 617 2645 fortusse
638 2585 671 2643 in
689 2607 737 2645 so·
766 2580 951 2662 collegatur.
1292 2587 1295 2592 '

193 2665 382 2727 [litudinem‘
392 2667 558 2744 dedirunt,
575 2667 681 2727 omnia
692 2667 740 2724 in·
754 2677 767 2698 ‘'

195 2757 249 2810 'tra
273 2749 427 2830 placitum
452 2759 532 2810 stum
559 2770 738 2810 commone·
765 2748 945 2822 LXXIX.
971 2749 1030 2817 De
1046 2747 1297 2840 Migrantibus,

200 2839 313 2909 entur,
345 2830 407 2891 hoc
443 2841 489 2892 est
516 2831 736 2912 unusquisque

144 2930 148 2938 ·
200 2915 546 2994 cumnegnoiutorihns
567 2915 738 2973 alteralte-
806 2908 841 2968 Si
866 2909 938 2990 quis
968 2931 1064 2991 super
1095 2912 1231 2971 alterum
1264 2911 1299 2970 in

199 3005 272 3070 rum
293 2995 498 3069 admoniatet
520 2996 545 3056 si
566 2996 637 3076 quis
654 3016 737 3055 com·
764 2990 872 3052 villam
887 2993 1022 3051 alienum
1041 2993 1176 3074 migrare
1190 2993 1301 3052 volue-

198 3078 339 3136 monitus
366 3078 464 3136 fuerit
488 3087 519 3136 et
538 3079 644 3136 sunnis
670 3097 734 3135 non
762 3073 805 3132 rit
836 3085 868 3134 ct
890 3075 915 3132 si
936 3097 1019 3134 unus
1038 3077 1090 3134 vel
1122 3075 1245 3155 aliquid
1268 3073 1299 3135 ci

200 3160 341 3218 tenuerit
359 3159 444 3217 etad
460 3159 613 3239 placitum
626 3158 736 3218 venire
763 3157 846 3234 ipsos
862 3157 964 3236 quiin
988 3157 1095 3216 villam
1111 3159 1209 3240 ipsam
1224 3179 1299 3216 eon·

200 3239 369 3314 distulerit,
391 3249 469 3299 tunc
487 3241 564 3317 ille,
583 3240 638 3320 qui
663 3261 736 3300 cum
763 3239 874 3297 sistant
900 3260 972 3297 enm
999 3239 1159 3322 suscipere
1184 3239 1300 3298 volne-

198 3341 272 3380 eum
289 3321 527 3402 neguclavcrit,
556 3324 658 3382 mittut
680 3323 736 3386 lll,
762 3321 829 3379 rint
855 3328 886 3378 et
913 3320 940 3380 si
967 3343 1050 3381 nnus
1075 3321 1217 3380 extiterit
1239 3320 1297 3400 qui

198 3401 297 3477 testis,
320 3404 480 3482 quomodo
502 3404 532 3464 ei
553 3404 735 3480 nonciass'it,
763 3401 983 3464 contradicant
1006 3403 1154 3484 migranti
1177 3402 1297 3462 ibidem

198 3483 283 3541 utin
303 3485 454 3564 placitum
467 3487 605 3556 venerim
627 3484 736 3545 alteri·
762 3483 925 3543 licentiam
951 3506 1014 3544 non
1039 3485 1153 3546 habeat
1168 3505 1296 3565 permn-

198 3587 235 3626 us
258 3575 333 3641 tres,
355 3567 443 3648 quod
462 3569 583 3650 publici
600 3564 639 3628 nd
661 3589 734 3627 enm
762 3587 862 3641 nere,
901 3573 927 3626 si
952 3588 1028 3626 vero
1063 3568 1297 3628 contradictum

198 3656 230 3706 et
244 3649 371 3708 doniter
389 3651 589 3730 neguciossit.
632 3651 687 3709 Sto
708 3650 734 3709 si
761 3650 866 3727 fucrit¹
881 3658 913 3708 et
929 3670 1012 3709 nnus
1032 3651 1085 3709 vel
1105 3651 1240 3709 duorum
1261 3649 1295 3708 in

196 3730 334 3806 fecerit,
362 3733 452 3791 exuit
483 3755 515 3794 sc
544 3734 583 3793 nd
606 3732 736 3790 lotroci·
762 3731 912 3811 villaipsa
931 3740 962 3788 et
977 3732 1043 3812 ipse
1059 3732 1210 3791 adsedere
1225 3753 1297 3808 pre-

197 3812 287 3872 nium
302 3813 357 3872 ille
376 3815 432 3894 qui
449 3837 513 3875 non
527 3815 662 3889 venerit,
676 3813 734 3872 sub
762 3813 932 3892 sumpserit
959 3821 1037 3872 tune
1059 3824 1176 3886 testere
1202 3814 1297 3872 illum

196 3915 292 3975 quem
314 3905 409 3956 testes
435 3897 637 3972 iuraverunt,
677 3896 733 3954 illc
763 3894 858 3954 debet
878 3894 951 3954 etsi
969 3894 1214 3955 uolueritexire
1236 3895 1295 3974 qui

196 3976 258 4037 erit
277 3978 357 4036 latro
383 3978 480 4054 illius,
503 3980 558 4058 qui
576 3979 731 4060 agnoscit,
765 3997 837 4034 enm
861 3986 953 4036 testat
975 3999 1047 4036 curn
1064 3977 1197 4037 testibus
1219 3999 1296 4037 eum

195 4059 341 4140 precium
367 4061 479 4121 reddat
506 4063 586 4136 illis,
613 4081 729 4120 secun·
764 4058 858 4119 debet
879 4068 1050 4119 testarent
1071 4059 1297 4120 iteruminde-

197 4141 274 4200 dum
290 4143 393 4222 legem
412 4153 580 4224 componat
592 4142 652 4217 illi,
672 4141 728 4220 qui
761 4141 824 4198 cim
842 4140 951 4202 noctes
969 4143 1086 4202 exinde
1106 4149 1198 4202 exeat
1219 4149 1251 4200 et
1269 4141 1296 4200 si

196 4233 332 4284 ressuas
354 4225 518 4306 agnoseit·
549 4227 603 4286 Sta
622 4225 728 4284 omnia
761 4222 864 4284 adbuc
896 4231 967 4306 post
999 4225 1110 4298 decem
1135 4223 1297 4290 noctibus
