2826 4998
398 283 502 340 mers
522 281 668 339 sasrcar.
687 280 757 335 r1r.
778 281 870 336 rur.
1145 273 1195 349 ογ

98 427 176 498 Tru.
218 423 359 498 XLIX.
440 423 498 496 De
543 422 669 494 adfra-
698 423 787 493 Tro.
814 421 991 500 XLVIII.
1040 429 1098 505 ns
1127 434 1187 507 afa

330 523 434 594 mire.
843 521 1002 594 fatomic.
1019 539 1066 624 p)

130 692 153 755 1.
190 685 429 750 Hoccourcnit
447 686 614 748 observare
634 694 670 748 ut
739 684 765 749 I.
807 686 879 748 Hoc
904 690 1058 754 convenit
1079 693 1191 762 obser»-

96 773 253 856 Tunginus
278 779 333 829 aut
353 769 565 831 Centenarius
587 768 670 830 Mal·
698 790 794 842 vare,
816 770 1191 854 utTunginusrelCeu·
1232 773 1242 792 ⁶

96 853 331 928 lumiudicent,
353 861 385 912 et
404 861 528 910 scutum
551 849 670 932 inipso
698 851 842 912 tenarius
864 853 998 914 Mallum
1024 856 1191 941 iudicent,

95 936 182 1000 Mallo
193 934 309 994 hahere
324 933 418 994 dehet
436 943 466 994 ct
483 942 591 1013 postea
607 941 671 993 tres
700 941 732 993 et
744 942 869 994 scutum
887 933 918 994 in
940 934 1007 1016 ipso
1023 940 1119 1002 mallo
1136 942 1193 1003 lra-

94 1018 230 1080 homiues
254 1025 319 1076 tres
344 1036 452 1076 causas
479 1013 670 1075 demandare
700 1013 815 1086 heaut;
838 1024 942 1077 ettres
956 1017 1190 1085 lromiuesceu-

95 1100 218 1168 debaut3
240 1105 349 1180 postea
370 1097 486 1179 inipso
503 1095 599 1156 mallo
616 1115 671 1154 re·
700 1115 747 1156 sas
771 1105 836 1158 tres
856 1096 1047 1163 demandare
1073 1103 1192 1168 debent

94 1182 214 1266 quirunt
242 1178 429 1256 hominem,
455 1177 513 1259 qui
541 1178 571 1238 ei
604 1196 669 1236 nou
700 1177 734 1236 iu
758 1176 827 1262 ipso
847 1177 963 1257 mallo,
994 1191 1026 1245 et
1046 1186 1193 1268 requira.

93 1263 241 1350 pertinet,
271 1268 303 1322 et
326 1259 373 1320 sic
390 1260 533 1321 fistucam
555 1257 588 1317 in
617 1257 672 1317 lai·
699 1265 754 1319 tur
780 1266 890 1342 postea
919 1259 1015 1325 homo
1031 1311 1041 1342 ,
1070 1269 1126 1352 qui
1157 1269 1189 1331 ei

94 1367 151 1408 sam
168 1343 282 1420 iactet,
303 1342 423 1424 etipse
442 1342 475 1400 in
496 1338 588 1402 cuius
612 1338 671 1399 lai·
701 1361 766 1401 nou
789 1342 950 1426 pertinet,
972 1347 1071 1409 etsie
1091 1350 1191 1414 festu.

93 1449 151 1490 sam
177 1427 321 1486 fistucam
358 1423 545 1500 iactaverit,
586 1421 672 1482 dicat
700 1443 768 1484 cam
800 1421 834 1484 iu
865 1423 978 1487 laisum
1007 1437 1049 1502 r)
1080 1429 1187 1510 iactet,

93 1509 213 1570 verbum
226 1507 265 1568 de
279 1507 410 1566 fortuna
423 1527 494 1582 sua,
515 1513 669 1586 quantum
699 1511 732 1564 et
745 1504 823 1588 ipsi,
846 1503 878 1566 iu
902 1508 993 1570 cuius
1027 1510 1125 1572 uisum
1142 1516 1190 1576 le·

94 1591 119 1651 ci
130 1589 268 1652 voluerit
282 1587 378 1665 dare,
400 1597 452 1650 aut
466 1586 599 1666 sixtotam
614 1591 670 1644 aut
698 1595 817 1647 stacam
832 1585 1013 1669 iactaverit,
1024 1593 1188 1657 dicatvcr·

94 1672 115 1734 si
140 1671 274 1734 mediam
303 1671 463 1730 fortunam
495 1689 583 1729 suurn
615 1667 668 1728 cui
696 1667 773 1729 hum
796 1668 835 1731 dc
853 1670 982 1731 fortuna
999 1695 1187 1758 sua,quao·

93 1753 220 1814 uoluerit
245 1753 331 1814 dare.
381 1752 495 1812 Postea
519 1749 605 1832 ipse,
632 1749 666 1810 iu
697 1749 1049 1817 tumeivolueritdare.
1091 1759 1186 1820 Post..

94 1836 174 1897 cuius
191 1836 301 1895 laisum
314 1833 457 1893 fistucam
473 1830 612 1907 iactavit,
633 1831 666 1889 in
697 1853 734 1892 ea
773 1830 840 1914 ipse
875 1833 908 1894 in
950 1836 1041 1900 cuius
1072 1837 1187 1904 laisum

94 1916 262 2000 casaipsius
276 1935 405 1975 manere
421 1914 526 1990 debet,
549 1911 667 1974 ethos·
695 1914 850 1975 festucam
866 1914 1047 1997 iactaverit,
1065 1921 1096 1980 in
1114 1941 1186 1984 casa

92 2000 165 2082 pltes
197 2007 264 2058 tres
296 1997 477 2076 suscipere,
507 2003 539 2054 et
562 1995 601 2055 de
622 1994 669 2053 la·
695 1994 793 2078 ipsius
823 2017 951 2061 manere
981 2010 1013 2062 et
1041 2002 1188 2086 hospites

94 2081 202 2141 saltate
219 2101 276 2141 sua
290 2087 446 2161 quantum
465 2075 494 2138 ei
511 2076 615 2153 datur,
632 2075 664 2135 iu
693 2085 759 2138 tres
776 2078 952 2162 suscipere,
975 2083 1060 2145 etde
1082 2087 1188 2148 facul-

91 2170 235 2245 potestatc
267 2182 325 2222 sua
343 2158 461 2220 hahere
484 2157 588 2223 dehet.
625 2157 666 2218 Et
691 2167 844 2239 talesne,
866 2170 1019 2242 (laentum
1036 2166 1066 2227 ei
1077 2167 1183 2247 delam,

91 2252 190 2326 postea
224 2242 293 2324 ipse
315 2241 369 2301 cui
403 2239 559 2301 creditum
595 2247 665 2315 est,
694 2241 728 2300 in
742 2249 896 2322 potestate
912 2266 967 2306 sua
987 2245 1103 2312 habere
1125 2253 1187 2312 dc-

93 2324 187 2384 omuia
205 2345 279 2384 cum
300 2320 432 2382 testibus
448 2320 591 2382 collectis
609 2319 666 2380 ista
693 2321 767 2399 bet,
790 2331 821 2383 et
837 2335 945 2406 postea
960 2328 1027 2411 ipsc
1043 2331 1095 2393 cui
1115 2353 1185 2396 crc-

92 2427 175 2489 agere
191 2405 307 2482 debet,
329 2412 361 2464 et
382 2404 427 2464 sic
447 2411 571 2484 postea,
593 2411 666 2464 ante
695 2403 798 2465 ditum
819 2414 884 2484 est,
907 2407 965 2469 ista
983 2413 1088 2472 omnia
1108 2435 1191 2478 oum-

91 2489 220 2571 Regem,
248 2485 360 2548 autin
383 2486 481 2546 Mallo
503 2482 666 2626 lepitimo,
695 2485 824 2546 testibus
845 2489 986 2552 collectis
1010 2515 1104 2576 agere
1130 2499 1184 2558 de·

92 2569 134 2630 illi
158 2569 212 2631 cui
241 2571 403 2645 torturum
427 2585 515 2628 suam
560 2575 667 2648 eputa-
692 2567 757 2632 het.
799 2569 912 2632 Postea
940 2583 994 2633 aut
1022 2586 1094 2637 ante
1120 2579 1182 2638 Rc·

88 2652 182 2729 verit,
204 2650 342 2712 reddere
354 2648 467 2726 dehet,
488 2655 520 2708 et
532 2647 666 2729 accipiat
694 2669 782 2731 gem,
804 2661 858 2712 aut
877 2652 908 2712 iu
924 2655 1021 2715 Mallo
1038 2657 1182 2738 legitimo

90 2733 265 2794 fistucamin
279 2730 379 2792 Mallo
393 2730 472 2812 ipso.
511 2729 665 2812 Etipsum
693 2731 761 2808 illi,
782 2732 837 2792 cui
852 2734 1012 2796 fortunam
1025 2759 1113 2798 suam
1127 2740 1182 2801 de-

88 2835 175 2895 quem
199 2814 374 2875 haeredem
404 2810 568 2894 deputarit
591 2820 665 2872 ante
691 2814 839 2894 putavit,
859 2815 994 2878 reddere
1014 2819 1125 2893 dehet;
1149 2833 1183 2884 et
1214 2861 1220 2874 κ

88 2896 150 2957 Xll.
165 2917 309 2972 menses,
338 2893 372 2952 in
394 2893 485 2955 laisio
499 2914 556 2954 suo
569 2890 666 2953 iactet
692 2895 827 2978 accipiat
843 2905 952 2978 postea
975 2900 1129 2963 festucam
1146 2905 1179 2965 iu

90 2978 327 3040 necminusuec
342 2975 462 3053 maius,
484 2975 662 3056 nisiquan·
691 2976 789 3037 mallo
814 2977 882 3059 ipso
911 2987 983 3041 ante
1009 2981 1180 3048 duodecim

88 3067 146 3118 tum
168 3060 199 3121 ei
222 3059 380 3122 creditum
400 3066 463 3128 est;
487 3065 519 3118 et
541 3055 568 3117 si
589 3075 664 3116 con·
690 3077 815 3120 menses
834 3058 920 3142 ipse,
948 3081 1045 3144 quern
1066 3065 1176 3128 haero-

87 3149 128 3201 tra
149 3141 209 3202 hoc
235 3140 359 3223 aliquid
381 3139 487 3199 dicere
505 3137 660 3216 voluerit,
690 3138 762 3199 dem
788 3137 968 3222 deputavit,
1002 3147 1034 3206 in
1065 3148 1178 3212 laisum

87 3230 142 3283 tres
156 3232 250 3284 testes
265 3222 382 3282 habere
403 3220 517 3296 debat,
540 3217 596 3301 qai
615 3219 662 3277 iu·
688 3241 781 3282 suum
795 3221 903 3301 iactet,
926 3234 958 3285 et
975 3248 1035 3289 nec
1058 3231 1179 3309 minus,

87 3303 138 3361 rati
161 3305 290 3381 dicunt,
312 3301 401 3384 quod
422 3301 466 3361 ibi
487 3300 610 3360 suerint
625 3299 658 3358 in
689 3323 749 3362 nec
766 3304 881 3382 maius,
904 3305 965 3368 nisi
980 3319 1134 3391 quantum
1148 3317 1178 3375 ei

86 3386 190 3464 Mallo,
213 3385 300 3468 quod
321 3384 491 3466 Tuuginus
507 3392 563 3458 aut
579 3382 660 3441 Ceu·
688 3384 846 3445 creditum
864 3396 919 3453 est.
961 3391 1003 3450 Et
1019 3392 1044 3452 si
1066 3405 1177 3458 contra

87 3468 216 3528 tenarius
234 3467 431 3528 indixerunt.
472 3467 513 3524 Et
530 3483 661 3545 quomo-
688 3465 749 3526 hoc
767 3467 890 3548 aliquid
907 3469 1013 3534 dicere
1026 3474 1175 3557 voluerit,

87 3545 561 3622 doridisseuthominemillum,
572 3545 660 3627 quod
688 3547 806 3630 debent
823 3558 885 3609 tres
904 3558 998 3613 testes
1020 3555 1112 3617 iurati
1129 3560 1179 3619 ‹ti-v

86 3629 232 3690 fortunam
248 3651 338 3692 suam
358 3627 538 3699 donavito)
551 3627 584 3686 in
599 3624 660 3685 lai·
688 3649 761 3688 cere
781 3631 868 3712 quod
895 3630 955 3712 ipsi
980 3635 1114 3700 luissent
1138 3641 1172 3702 in

86 3730 123 3788 so,
143 3711 346 3794 illiusquam
367 3707 661 3790 iamelegeratfis·
687 3710 809 3787 Mallo,
838 3711 893 3772 ubi
920 3713 1090 3795 Tunginus
1120 3726 1173 3785 vel

88 3799 187 3874 lucam*
204 3795 332 3872 iactare,
353 3801 384 3854 ct
415 3790 577 3853 dominare
611 3788 664 3852 de·
686 3791 896 3855 Centenarius
917 3791 1120 3879 indixerunt,
1140 3820 1174 3870 et

142 3992 169 4062 o)
185 3995 217 4047 lu
244 4014 324 4064 marg.
353 3997 528 4056 dominavit,
553 3994 626 4046 alias
649 3991 720 4047 darc·
746 3972 843 4048 voluit.
917 3995 952 4070 p)
970 3999 1072 4072 Quiuq.
1099 4001 1171 4072 rich,

87 4061 240 4130 Affiatoma’ae.
276 4068 332 4122 Est.
350 4066 510 4139 Affirttoone.
547 4065 634 4118 Gloss.
652 4064 694 4114 De
713 4063 908 4120 donationibus
926 4087 997 4141 quae
1013 4071 1094 4142 fiunt
1107 4074 1171 4146 sesa

86 4141 140 4184 tuca
162 4136 191 4184 in
212 4138 301 4188 sinum
329 4138 356 4188 ei
377 4138 424 4190 cui
446 4134 604 4188 donabatur
627 4137 759 4201 proiecta.
827 4137 856 4208 q)
883 4137 937 4196 Est.
963 4144 993 4194 iar
1011 4142 1125 4210 teipsum
1141 4132 1180 4202 ω’

86 4213 119 4252 cu
133 4203 160 4256 ia
175 4206 271 4266 atnam.
307 4206 392 4261 Gloss.
410 4205 480 4261 Pith.
499 4208 528 4258 ia
545 4209 641 4257 sicum.
691 4282 696 4290 .
