2826 4998
385 339 491 399 uncas
511 315 660 399 sanum
680 340 751 396 un
772 335 889 400 xxvn.
1151 335 1198 409 35

85 479 318 558 TIT.'XXV.
343 483 403 556 Dc
419 481 528 558 furtis
544 487 584 559 in
594 510 675 559 mo·
704 482 796 556 TIT.
821 483 965 560 XXIV.
1011 489 1069 564 De
1089 494 1197 570 fimi.

228 585 303 655 Iino
325 586 537 657 commissis.
728 585 767 656 in
794 587 932 666 molino
961 598 1174 668 commissis.

121 729 148 795 I.
190 728 314 811 Siquis
330 730 677 813 ingennus,aunonam
746 730 772 792 1.
814 731 848 792 Si
872 732 945 830 quis
972 735 1135 820 ingennus
1164 744 1198 810 in

85 813 223 876 alienam
254 815 287 873 in
329 815 451 874 molino
488 815 675 893 furaverit,
709 813 832 876 mulino
855 815 1205 889 ahenoannonamsu·

84 916 171 958 uana.
199 895 362 957 Autlzcdm
379 897 412 957 id
429 906 496 972 est,
520 898 678 959 cuimolI·
705 897 846 973 raverit,
872 899 903 960 ci
934 902 1027 966 cuius
1059 911 1201 974 molinus

85 1001 141 1039 nus
155 987 204 1038 est
221 977 321 1060 ipsius
334 980 506 1042 molinario
519 981 586 1040 DC.
603 981 677 1041 dan.
706 988 771 1058 osb,
797 978 867 1042 DC.
896 981 970 1046 den.
997 987 1055 1070 qui
1077 993 1202 1063 fuciunt

84 1061 138 1142 qui
165 1062 297 1132 faciunt¹
316 1063 374 1127 sol.
405 1062 479 1123 XV.
507 1061 678 1146 culpabilis
706 1063 765 1130 sol,
800 1063 873 1129 XV.
904 1067 990 1151 culp.
1030 1069 1206 1152 iudicetur,

85 1143 263 1205 indicetur:
284 1143 313 1204 ei
333 1166 409 1206 vero
435 1144 529 1206 cuius
548 1166 680 1206 annona
706 1144 746 1205 Ei
775 1167 852 1207 vero
871 1148 964 1212 culus
990 1174 1122 1218 annonu
1142 1173 1203 1235 est,

85 1227 179 1289 fuisse
201 1227 377 1308 probatur,
394 1228 474 1289 alios
491 1226 563 1288 XV.
584 1225 679 1292 solitl.
707 1227 857 1290 similiter
879 1229 949 1298 DC.
975 1233 1050 1303 den,
1074 1241 1131 1322 qui
1159 1245 1205 1305 sa.

86 1308 232 1372 similite'r
252 1311 367 1389 solvat,
391 1318 527 1394 excepto
543 1309 680 1396 capitale
708 1311 870 1373 ciuntsol.
889 1313 960 1374 XV.
972 1318 1058 1404 culp.
1071 1310 1205 1390 ind.cx.

86 1393 298 1455 cldclatura.
356 1417 384 1462 ἢ
708 1415 745 1457 ce
771 1403 803 1455 to
829 1399 1027 1476 cap.et'‹lil.

123 1475 158 1536 11
212 1475 247 1534 Si
273 1474 347 1557 quis
367 1475 512 1537 Solusam
540 1475 580 1538 du
603 1475 683 1537 suri-
748 1418 796 1538 ll.
838 1478 1207 1560 Siquisfcaramcutum

87 1558 175 1619 uario
194 1557 307 1619 alien'o
324 1559 459 1637 ruperit,
489 1563 597 1640 (naun.
617 1559 682 1620 Ur-
710 1559 750 1621 cle
768 1559 892 1621 molino
906 1563 1015 1627 alieno
1034 1569 1206 1650 satiaverit,

86 1641 130 1702 bis
149 1641 206 1700 viu
226 1641 350 1717 lucina)
369 1641 434 1700 DC.
456 1641 529 1702 den.
551 1640 610 1725 qui
631 1642 682 1704 fa·
711 1641 858 1710 IDCCC.
889 1645 964 1712 den.
996 1650 1054 1730 qui
1082 1655 1208 1720 faciunt

87 1724 173 1786 ciunt
187 1723 286 1791 solid.
304 1726 377 1791 XV.
392 1725 480 1809 culp.
497 1723 564 1788 ind.
708 1724 768 1787 sol.
795 1725 900 1788 XLV.
926 1729 1013 1818 culp.
1043 1733 1110 1804 iud.
1135 1760 1205 1808 cxc.

124 1887 186 1955 Ill.
230 1889 265 1950 Si
286 1889 360 1972 qula
383 1889 615 1952 ferramentum
639 1857 680 1952 de‘
709 1810 982 1976 cullle.tdS¹i⁸‹1uis
1007 1897 1143 1965 sclusam
1165 1903 1206 1968 (lu

561 1963 568 1980 ἱ

87 1973 205 2032 molino
227 1973 339 2033 alieno
359 1973 538 2050 falsaverit,
565 1983 681 2051 [mann.
707 1972 862 2036 farinario
888 1978 995 2054 alienu
1013 1984 1042 2061 i)
1063 1988 1209 2070 ruperit,-

86 2054 260 2132 Autbcdz'o)
292 2058 336 2120 M.
359 2056 482 2122 DCCC.
515 2055 589 2116 den.
623 2055 680 2138 qui
709 2055 778 2124 DC.
805 2058 879 2125 den.
903 2061 960 2142 qui
989 2063 1116 2132 faciunt
1148 2075 1208 2136 sol.

86 2138 210 2198 faciunt
229 2137 298 2204 sol.
313 2135 411 2201 XLV.
433 2139 605 2226 culpabilis
629 2139 684 2202 iu·
709 2139 782 2208 XV.
796 2141 884 2227 culp.
910 2145 979 2215 iud.

88 2218 222 2282 dicetur.

111 2394 192 2473 T1t.
225 2395 373 2470 XXVI.
431 2397 492 2468 De
516 2396 658 2470 caballo

300 2520 464 2576 ascenso.

713 2333 804 2406 Tl'r.
832 2319 958 2415 XXV.
991 2339 1050 2411 De
1067 2342 1210 2417 caballo

712 2436 982 2530 ainepcrmissn
1000 2442 1136 2515 domiui
1150 2449 1211 2526 sni

878 2559 1036 2608 ascenso.

126 2656 152 2724 l.
195 2656 487 2741 Siquiscaballum
503 2668 592 2722 extra
610 2680 687 2722 cou-
756 2653 781 2725 I.
824 2655 951 2737 Siquis
978 2657 1138 2722 caballum
1164 2662 1210 2725 si.

90 2742 196 2805 silium
218 2742 343 2802 domiui
363 2742 413 2802 sui
432 2742 625 2818 ascenderit,
652 2751 686 2803 et
715 2759 757 2802 ue
775 2737 935 2822 permissu
956 2740 1078 2801 domini
1094 2745 1143 2804 sui
1164 2767 1212 2807 as·

91 2847 161 2886 cum
180 2824 403 2901 caballuveril‚
419 2831 526 2900 (mauu.
544 2822 687 2884 Lcudnr-
714 2823 877 2898 cendant,
899 2829 1020 2884 etcum
1038 2826 1211 2889 caballica-

92 2907 124 2966 di
145 2917 178 2968 et
204 2907 240 2966 iu
263 2908 325 2967 ulla
351 2916 460 2968 mente
483 2909 684 2987 Btcrgositto)
715 2905 808 2980 verit,
836 2903 904 2971 DC.
921 2905 993 2967 den.
1009 2907 1067 2988 qui
1086 2909 1212 2976 faciunt

91 2989 156 3052 DC.
182 2990 260 3064 dcn,
289 2989 345 3072 qni
373 2989 498 3051 faciunt
527 2990 586 3050 sol.
611 2988 685 3056 XV.
714 2987 773 3049 col.
789 2988 861 3049 XV.
882 2987 969 3070 culp.
986 2988 1052 3058 incl
1088 2993 1131 3055 Et
1150 3017 1209 3076 pm

93 3073 264 3156 culpabilis
292 3072 474 3150 indicetur,
503 3081 618 3154 cipro
642 3092 685 3134 co
716 3091 767 3148 eo,
781 3070 857 3151 quia
875 3070 1082 3136 descenderit
1096 3077 1213 3138 similis

94 3155 166 3238 quia
182 3155 379 3232 ascenderit,
398 3155 530 3237 quaudo
548 3156 686 3216 descen·
714 3161 766 3214 tea·
791 3153 863 3219 aliia
890 3153 1058 3219 DC.,dcn.
1082 3159 1139 3241 qui
1165 3164 1213 3222 sa.

96 3239 156 3318 det,
167 3238 407 3300 similitc'ralios
416 3239 487 3302 XV.
501 3238 560 3300 sol.
571 3238 686 3300 solvat.
716 3236 808 3298 ciunt
821 3235 882 3303 sul.
901 3237 974 3302 XV.
993 3240 1081 3324 culp,
1103 3243 1170 3308 iud,

96 3390 184 3462 Tm
210 3389 379 3466 XXVII.
429 3390 486 3460 De
501 3388 609 3460 furtis
625 3387 686 3460 di·
717 3389 817 3469 Tm.
835 3387 983 3462 XXIX.
1019 3393 1076 3463 De
1105 3393 1215 3469 snalla

238 3542 242 3550 -
323 3490 470 3562 versis.
632 3561 635 3566 Α
880 3491 1046 3564 diversis.

135 3619 162 3682 I.
206 3617 242 3680 Si
261 3620 333 3702 quis
355 3619 535 3679 tintinnum
551 3618 591 3680 de
612 3637 690 3702 pua·-
761 3617 787 3679 1.
828 3614 862 3677 si
878 3615 952 3699 quis
972 3619 1151 3682 tintinnum
1174 3623 1217 3685 ‹la

100 3701 167 3764 cina
186 3703 295 3763 aliena
314 3703 480 3780 iuraverit,
500 3711 612 3776 (naun.
628 3701 692 3760 Au-
719 3698 855 3783 porcina
899 3699 1007 3760 allenu
1042 3705 1220 3785 l'uraverit,

26 3839 28 3858 ,
101 3783 691 3930 misp⁰J1DC²ul1⁰⁰'qUifaciuntwl'
720 3782 790 3926 {V
813 3783 891 3928 ἒῑιη.
921 3783 980 3926 affini
1005 3784 1128 3846 faciunt
1159 3791 1218 3852 sol.

27 3877 29 3912 Ι
100 3867 362 4032 Χίᾗωὸἳιέυἰε.
383 3949 628 4035 ὐετορεάἰοεπι
651 3948 692 4011 dc
762 3916 806 4009 Il.
850 3887 1223 4032 slvero'depecoribun

104 4034 226 4096 caballo
246 4035 414 4112 furaverit,
429 4045 460 4096 et
480 4035 509 4094 ni
526 4033 694 4094 fueritad-
723 4032 904 4095 tintinnum
925 4032 1093 4112 furaverit,
1113 4032 1228 4102 cxx.

105 4116 281 4198 probatum,
296 4114 693 4194 (naunLcudurdalCXX.
780 4127 786 4149 .

113 4251 261 4268 m-

170 4307 198 4375 i)
218 4306 273 4360 an
293 4273 451 4361 clausurum
469 4306 502 4362 dc
518 4309 622 4361 molino
643 4307 744 4362 oliano.
