2900 5020
48 1091 51 1094 ¹
135 1028 258 1104 potum.

399 296 940 358 solorunsnsousmcrnsors.
1164 278 1239 352 399

136 443 252 504 ductor
271 440 358 524 ipse,
380 448 534 523 tanquam
551 439 629 500 lacti
652 459 747 517 rens,
780 437 880 502 simili
897 457 1002 520 poena
1019 436 1164 501 feriatur.
1205 436 1241 500 Si

136 535 242 586 autem
265 523 396 586 domino
414 526 536 586 sciente
555 521 608 584 vel
627 521 759 584 iubente
774 521 837 606 boc
852 521 949 597 fecit,
972 520 1107 580 eandem
1119 541 1242 603 posses·

135 608 277 684 sionem,
299 607 339 666 de
361 627 424 688 qna
442 613 551 686 raptor
570 624 714 685 egressus
736 614 802 683 est,
824 603 901 664 lisco
920 603 1121 686 prolaturam
1141 601 1243 664 domi·

136 711 197 752 nus
220 689 447 748 incunctanter
466 687 590 746 amittat

216 770 344 837 XXlll.
387 769 424 834 si
453 769 525 851 quis
546 769 714 846 intestatus
741 778 886 829 mortuus
904 765 1022 841 fuerit,
1045 763 1147 826 ised
1171 765 1241 828 eius

135 853 371 916 successionem
388 852 513 931 veniat,
534 850 592 932 qui
608 851 694 912 inter
711 861 841 932 agnatos
859 859 954 930 atque
971 858 1121 929 cognatos
1140 851 1241 929 gradu

126 937 190 998 ¹rel
215 935 311 996 titulo
336 935 501 1020 proximus
527 933 714 1012 invenitur,
746 933 835 996 salvo
859 931 929 994 iure
955 930 1096 991 filiorum
1123 952 1159 990 ac
1182 953 1241 992 ne-

220 1098 335 1161 XXIV.
375 1097 487 1160 Fiscus
508 1106 586 1160 tuuc
602 1101 689 1177 egat,
715 1092 854 1176 quando,
874 1115 936 1162 uec
963 1103 1154 1177 parentum,
1177 1118 1242 1160 uec

137 1181 293 1256 filiorum,
310 1201 383 1242 mec
413 1191 581 1263 nepotum,
615 1198 675 1238 nec
697 1187 903 1260 agnatorum,
931 1199 993 1238 nec
1021 1189 1242 1258 cognatorum,

137 1283 198 1326 nec
227 1261 335 1324 uxoris
368 1271 400 1322 et
430 1261 553 1339 nunniti,
589 1281 674 1342 quae
702 1259 870 1337 succedat,
908 1268 1017 1320 extare
1047 1262 1244 1343 comperitur

135 1366 290 1430 persona,
311 1344 491 1406 secundnm
510 1354 658 1406 veterum
679 1341 869 1404 constituta:
883 1349 885 1356 '
899 1341 943 1402 ita
958 1350 995 1402 ut
1018 1341 1129 1419 fiscus,
1158 1357 1244 1424 quo·

135 1427 219 1490 tiens
236 1427 344 1487 locum
358 1425 569 1489 successionis
582 1425 764 1500 invenerit,
785 1424 837 1487 vel
850 1424 961 1506 aquua
981 1423 1043 1484 sibi·
1059 1437 1243 1507 competen-

136 1509 180 1571 tia
200 1509 340 1591 repetit,
362 1511 537 1586 actionem,
559 1514 680 1569 remota
694 1506 862 1566 titulorum
874 1508 926 1569 vel
945 1506 1044 1567 officii
1058 1527 1243 1589 praesump-

134 1589 242 1668 tione,
268 1600 439 1672 proponat3
468 1591 546 1673 qnia
561 1599 640 1670 tunc
654 1587 748 1650 fiscus
762 1610 1022 1671 unamquamque
1038 1595 1107 1649 r'om
1127 1590 1243 1654 merito

135 1682 241 1769 potest
262 1682 295 1732 et
319 1672 390 1732 siue
412 1671 629 1754 oppressionis
661 1669 787 1732 alienae
812 1671 933 1752 iniuria
953 1672 1138 1750 vindicare,
1169 1695 1244 1734 cnm

136 1753 360 1815 intercedente
374 1753 533 1814 sententia
542 1775 601 1836 pro
616 1753 686 1836 ipso
702 1752 802 1814 fuerit
817 1753 1003 1817 iudicatum.
1033 1753 1132 1816 Nobis
1144 1756 1243 1834 enim,

136 1835 219 1897 sicut
241 1843 274 1896 et
290 1835 459 1919 Principes
473 1837 665 1916 voluerunt,
687 1834 737 1898 ius
759 1855 834 1897 cnm
854 1835 985 1920 privatis
1005 1837 1153 1901 volumus
1174 1857 1245 1920 esse

137 1937 318 1982 commune.
1125 1949 1152 1962 ’·
1179 1935 1196 1954 ‘¹

219 1997 318 2064 XXV.
359 2001 628 2083 Unumquemque
654 2019 869 2082 possessorem
900 1986 971 2062 fisci
998 1999 1129 2063 nomine
1157 1999 1245 2086 apud

139 2088 373 2165 competentem
394 2083 536 2144 iudicem
551 2083 725 2146 'statuimus
745 2083 862 2144 debere
883 2081 1013 2166 pulsari.

199 2157 338 2224 XXVI.
390 2163 534 2228 Clericus
567 2165 797 2249 religiosasque
822 2179 971 2246 personas
997 2166 1158 2224 intestatae
1187 2162 1244 2224 de·

45 2314 48 2322 Ι
140 2242 301 2322 ficientes,
322 2247 472 2327 quotiens
496 2249 637 2308 defuerit
654 2247 712 2330 qui
729 2248 799 2316 iure
814 2248 966 2310 succedat
974 2291 985 2319 ,
1009 2247 1114 2308 locum
1130 2245 1244 2308 Eccle-

139 2328 204 2390 siae
228 2349 303 2388 suae
320 2330 499 2390 secundum
518 2331 606 2414 leges
621 2333 727 2392 facere
747 2330 864 2391 debere
884 2329 1106 2414 praecipimus.
1166 2369 1169 2372 -
1189 2370 1191 2374 -

221 2409 365 2476 XXVll.
407 2413 547 2475 Curialis
558 2414 583 2474 si
602 2413 670 2476 sine
686 2433 880 2490 successore,
902 2433 999 2494 quem
1015 2413 1101 2493 leges
1114 2419 1243 2492 vocant,

139 2491 306 2558 intestatus
326 2492 499 2572 defecerit,¹
521 2496 652 2557 excluso
667 2495 742 2556 fiseo
759 2494 867 2556 curiae
887 2517 962 2557 suae
981 2497 1088 2556 locum
1105 2496 1210 2562 saciat.

219 2574 373 2638 XXVIII.
415 2578 651 2640 Faciendorum
672 2586 934 2640 testamentorum
961 2576 1129 2655 omnibus,
1162 2598 1243 2659 quos

139 2657 247 2718 testari
261 2657 349 2741 leges
366 2660 574 2740 permittunt,
597 2661 706 2722 damus
722 2661 786 2722 lete
802 2659 983 2724 licentiam:
1006 2660 1052 2720 ita
1067 2669 1104 2719 ut
1122 2669 1244 2743 septem

140 2739 355 2820 autquinque
377 2750 472 2804 testes
489 2743 674 2824 ingenuino
691 2743 851 2824 puberes,
875 2742 908 2802 in
926 2752 1101 2827 conspectu
1117 2753 1244 2805 testato·

138 2819 202 2898 ris,
225 2840 291 2879 uno
306 2832 469 2904 tempore,
491 2825 605 2886 eodem
621 2834 754 2907 rogante
773 2824 984 2886 subscribant.

219 2896 347 2963 XXIX.
389 2905 485 2982 Quod
509 2907 534 2966 si
565 2916 698 2968 testator
725 2916 780 2968 aut
810 2907 931 2969 litteras
954 2903 1165 2990 ignorando,
1188 2916 1244 2969 aut

140 3004 199 3066 per
224 2984 445 3046 necessitatem
475 2988 599 3050 vicinae
626 2989 753 3067 mortis,
785 2990 947 3073 propriam
975 2989 1243 3071 subscriptionem

141 3087 206 3126 non
230 3067 372 3146 potuerit
400 3071 622 3149 commodare,
652 3079 730 3132 tanc
751 3082 883 3133 octavus
903 3073 992 3134 testis
1013 3093 1071 3156 pro
1091 3081 1243 3135 testatore

141 3145 331 3208 adhibeatur
350 3148 555 3229 huiusmodi,
588 3152 627 3213 de
656 3160 747 3214 culus
776 3154 838 3215 fide
860 3154 999 3216 dubitari
1019 3154 1152 3214 omnino
1175 3174 1241 3216 non

139 3231 256 3312 possit:
287 3229 415 3304 scituris
441 3234 575 3295 testibus
602 3243 634 3294 et
660 3236 814 3318 scriptore
842 3237 1015 3320 praecipue
1044 3239 1242 3317 testamenti,

140 3311 228 3392 quod
252 3311 278 3372 si
297 3315 377 3394 quid
394 3315 538 3378 falsitatis
563 3317 723 3394 estiterit,
738 3323 741 3331 '
757 3317 815 3380 sub
838 3319 1024 3402 cognitione
1037 3320 1182 3381 decursa
1208 3343 1242 3382 se

140 3393 335 3487 supplicium
358 3399 495 3460 evadere
518 3418 583 3460 non
608 3420 717 3482 posse,
745 3399 835 3483 quod
858 3403 943 3464 circa
964 3402 1243 3486 falsarios-legum

140 3473 239 3541 dictat
258 3479 439 3546 auct-oritas.

221 3559 318 3627 XXX.
358 3560 446 3623 Sciat
462 3571 568 3624 eutem
587 3562 724 3646 scriptus
748 3565 860 3643 heres,
888 3565 941 3627 rel
963 3565 1152 3645 legatarius,
1187 3579 1243 3630 aut

138 3635 291 3734 libertus,
312 3641 400 3726 quod
422 3643 449 3706 si
469 3645 515 3708 eis
531 3645 797 3724 conniventibus,
819 3657 873 3708 aut
888 3647 1081 3726 scientibus,
1103 3652 1166 3711 tale
1180 3652 1242 3712 ali-

140 3721 221 3800 quid
239 3732 425 3809 temptatum
438 3728 556 3806 fuerit,
586 3748 619 3789 se
637 3750 702 3790 nou
720 3731 825 3791 solum
840 3730 1058 3793 emolumento
1077 3731 1164 3812 ipso,
1187 3735 1240 3796 vel

139 3803 248 3864 fructu
262 3806 330 3868 eius
343 3810 521 3892 scripturae
537 3831 604 3872 esse
620 3812 811 3893 privandos,
833 3834 946 3874 verum
966 3813 1060 3874 etiam
1081 3816 1152 3875 l'alsi
1168 3838 1243 3898 poe-

140 3904 214 3943 nam
236 3888 398 3951 declinare
416 3913 480 3951 non
499 3913 601 3973 posse.
643 3893 683 3955 In
704 3895 765 3955 hoc
782 3904 873 3954 reatu
894 3895 974 3972 erit,
995 3898 1141 3979 quisquis
1168 3920 1243 3979 ope·

138 3985 206 4024 ram
234 3979 289 4028 aut
310 3973 453 4032 studium
477 3973 635 4038 faciendis
666 3976 851 4038 adhibuerit
881 3977 997 4039 talibus
1024 3983 1240 4041 testamentis:

138 4067 211 4142 cum
230 4052 412 4144 voluntates
426 4056 563 4118 velimus
583 4080 651 4121 esse
668 4059 785 4121 liberas
800 4068 1019 4140 mortuorum,
1041 4072 1075 4124 et
1093 4061 1177 4122 nihil
1194 4062 1240 4122 ibi

137 4128 198 4190 siba
212 4132 318 4194 aliena
334 4135 449 4198 debeat
461 4140 623 4220 persuasio
642 4141 815 4205 vindicare.

218 4213 347 4280 XXXI.
387 4219 434 4281 Ne
453 4220 525 4304 quis
538 4223 737 4288 voluntatem
756 4246 844 4288 suam
860 4226 965 4314 fecere
981 4226 1163 4306 volentem,
1187 4238 1240 4290 aut
