2826 4998
382 317 850 396 ussts'satlcatttt.tt1.'
1144 314 1192 392 tt

99 485 178 558 Tru.
204 479 299 556 LVI.
335 477 393 550 De
410 501 520 550 manu
539 475 585 549 ab
604 474 674 554 Ae·
702 474 791 547 Tar.
809 474 891 548 LV.
941 475 1000 548 Do
1022 480 1191 552 meando

199 603 268 654 neo
284 575 331 675 p)
347 577 571 648 redimenda.
736 597 849 646 aeneo
866 571 905 670 q)
926 574 1147 651 redimenda.
1187 643 1193 648 .

134 745 158 810 1.
195 743 230 804 Si
250 739 322 824 quis
341 739 381 802 ad
399 737 509 802 laium
528 737 675 802 mallatus
744 736 771 806 1.
813 734 937 820 Siquis
956 733 1194 816 adaeneamr)

99 825 210 902 fuerit,
236 833 268 884 et
299 822 433 884 forsitan
465 820 674 898 convenerit,
701 820 849 883 mallatus
868 819 986 895 fuerit,
1008 827 1042 882 et
1058 821 1192 892 forsitan

99 903 130 971 ut
147 927 271 968 manum
292 925 381 966 suam
394 902 549 981 redimat,
570 911 603 965 et
623 901 675 962 in·
701 901 909 980 convenerit,
931 899 1123 987 atille,qai
1136 905 1193 968 ad-

97 999 209 1052 ratores
229 987 345 1058 donet,
368 995 400 1047 et
421 985 447 1046 si
469 985 542 1048 talis
567 1005 675 1046 caussa
702 985 849 1046 mallatus
869 991 934 1062 est,
956 1003 1086 1045 manum
1103 1009 1193 1051 suam

99 1081 158 1148 est,
178 1069 217 1130 de
232 1091 295 1150 qna
310 1069 336 1129 si
354 1065 495 1149 legitime
508 1065 675 1129 convietus
701 1065 856 1143 redimat,
884 1073 916 1126 et
947 1063 1105 1131 iuratores
1139 1069 1195 1134 do·

99 1156 221 1230 fuisset,
243 1151 313 1214 XV.
330 1149 387 1211 sol.
401 1169 593 1232 componere
617 1147 676 1208 de·
704 1157 777 1216 net;
805 1145 831 1208 ai
851 1147 925 1209 talis
948 1167 1042 1210 causa
1066 1161 1131 1230 est,
1152 1153 1193 1218 de

99 1237 200 1310 heret,
221 1240 300 1292 tuuc
330 1231 424 1293 CXX.
448 1231 522 1293 den.
545 1228 603 1312 qui
626 1229 676 1289 sa-
702 1251 766 1312 qua
787 1228 948 1311 legitime,
977 1229 1003 1292 si
1025 1233 1194 1299 convictus

101 1319 182 1380 ciunt
199 1313 258 1378 eol.
282 1312 347 1376 111.
367 1334 496 1374 manum
511 1333 601 1373 suam
622 1332 677 1372 re·
702 1312 827 1387 fuisset,
841 1311 908 1373 DC.
922 1311 1196 1394 denquifaciunt

102 1401 203 1467 dimat;
226 1395 315 1476 qnod
339 1394 364 1455 si
388 1395 523 1477 amplius
549 1392 589 1455 ad
614 1415 678 1453 ma·
703 1395 760 1461 sol.
774 1391 849 1458 XV.
868 1395 1195 1478 componeredebeat,

102 1503 171 1544 anm
188 1499 276 1539 sunm
297 1477 518 1539 redimendam
533 1474 677 1552 dederit,
702 1486 782 1537 tune
799 1475 893 1541 CXX.
909 1473 984 1540 den.
1001 1476 1058 1557 qni
1071 1479 1196 1544 faciunt

101 1563 200 1624 fredus
219 1559 337 1622 exinde
359 1559 502 1622 solvatur
522 1556 676 1618 Gravioni
704 1559 763 1624 sol.
784 1557 847 1620 111.
872 1577 1003 1618 manum
1027 1579 1116 1624 suam
1138 1585 1195 1628 re·

102 1652 246 1728 qnantum
264 1643 303 1702 de
325 1639 399 1726 ipsa
412 1661 538 1717 caussa,
561 1639 587 1701 si
599 1660 678 1701 eon·
705 1640 814 1704 dimat.

101 1729 193 1789 rietus
226 1723 350 1790 fuisset.
391 1721 424 1783 si
463 1743 542 1784 aero
578 1723 680 1782 maior
745 1722 790 1788 11.
831 1719 867 1784 Si
887 1743 963 1785 vero
981 1718 1112 1806 plus'ad
1126 1747 1195 1788 ma·

103 1813 271 1884 causaest,
298 1805 385 1866 unde
406 1804 503 1869 MCC.
526 1803 598 1864 deu.
621 1802 679 1886 qui
706 1824 888 1866 numanam
905 1803 1124 1869 redimendam
1140 1807 1195 1870 de·

104 1890 215 1951 faciunt
238 1887 297 1949 sol.
315 1885 420 1948 XXX.
443 1895 568 1968 poterat
590 1907 679 1947 com·
706 1887 808 1964 derit,
829 1886 940 1947 fredus
960 1887 1104 1950 Grafioui
1130 1891 1197 1952 sol·

103 1989 235 2054 ponere,
256 1977 288 2029 et
307 1967 480 2045 convenit,
502 1977 680 2028 atmanum
706 1977 822 2047 vatur,
842 1976 994 2050 tanquam
1016 1969 1042 2030 si
1065 1971 1104 2032 de
1128 1971 1197 2060 ipsa

104 2073 182 2114 suam
205 2051 363 2126 redimat,
393 2047 591 2112 CCXXXX.
623 2047 679 2132 qui
705 2071 800 2113 eausa
817 2051 984 2112 convictus
1004 2049 1126 2116 fuisset.

103 2134 217 2195 faciunt
230 2134 287 2193 sol.
306 2133 365 2198 VI.
379 2153 508 2193 manum
523 2153 611 2193 suam
626 2153 680 2193 re·
746 2131 807 2194 111.
847 2133 881 2192 Si
910 2153 987 2195 vero
1011 2134 1082 2196 talis
1102 2157 1197 2202 causa

103 2216 200 2278 dimat.
244 2215 341 2292 Quod
369 2213 398 2274 si
422 2216 557 2298 amptius
585 2214 682 2276 dede·
706 2213 825 2291 faerit,
846 2213 886 2275 de
902 2234 965 2295 qua
983 2213 1010 2276 si
1028 2217 1222 2294 convietus¹

103 2306 161 2374 rat,
186 2296 315 2358 fredum
334 2295 455 2374 solvat,
477 2305 633 2378 quantum
652 2294 679 2358 si
707 2296 836 2374 fnisset,
869 2296 1006 2363 ICCCC.
1037 2297 1112 2367 dea.
1137 2303 1196 2386 qui

104 2379 138 2440 de
157 2400 265 2439 caussa
290 2377 458 2440 convictus
481 2378 603 2458 suisset.
645 2377 678 2438 Si
705 2379 830 2440 faciunt
845 2379 904 2443 soi.
919 2377 1046 2443 XXXV
1049 2430 1057 2448 .
1072 2381 1200 2450 debuis-

103 2475 175 2523 uero'
190 2460 291 2520 maior
306 2460 400 2541 culpa
415 2460 530 2539 fuerit,
552 2459 639 2522 unde
653 2458 679 2522 si
707 2469 755 2522 set
764 2460 908 2539 solvere,
928 2468 960 2521 et
973 2465 1147 2546 convenit,
1163 2465 1200 2534 nt

104 2541 245 2623 probatus
265 2543 502 2608 fnissetMMD.
525 2543 599 2603 den.
622 2541 680 2637 qni
706 2562 837 2602 manum
877 2563 965 2602 suam
997 2545 1133 2610 redimat
1166 2561 1200 2614 et

105 2621 221 2684 faciunt
243 2625 299 2683 sol.
318 2621 420 2687 LXiI.
440 2644 513 2685 cum
528 2623 680 2699 dimidio,
708 2625 862 2684 iuratores
874 2622 982 2702 donet,
1001 2627 1056 2689 IX.
1064 2630 1122 2691 sol.
1131 2652 1200 2694 ma.

107 2704 263 2788 culpabilis
281 2705 462 2782 iudicetur,
483 2711 515 2766 et
528 2706 682 2767 convenit
709 2727 890 2768 numanam
910 2706 1054 2774 redimat.

108 2796 138 2846 ut
152 2809 277 2846 manum
289 2786 444 2863 redimat,
458 2789 525 2854 DC.
537 2788 610 2848 den.
625 2787 681 2870 qni
750 2785 807 2852 lV.
849 2787 981 2865 Quodsi
998 2789 1133 2872 amplius
1148 2791 1200 2858 de·

108 2867 223 2928 faciunt
236 2869 294 2929 sol.
310 2867 383 2928 XV.
404 2869 527 2930 solvat:
549 2869 635 2951 quod
655 2869 682 2930 si
710 2867 814 2950 derit,
836 2870 946 2932 fredus
965 2871 1107 2936 Graiioni
1131 2878 1200 2940 sol.

108 2950 233 3032 amptius
254 2949 405 3027 dederit,
432 2951 542 3012 fredus
565 2951 683 3012 exinde
711 2960 821 3030 vatur,
849 2960 1000 3032 tanquam
1021 2954 1047 3018 si
1068 2955 1108 3019 de
1132 2959 1201 3046 ipsa

108 3032 257 3109 solvatur,
280 3040 405 3092 tantum
422 3044 578 3113 quantana
598 3031 624 3112 si
644 3033 682 3094 de
710 3054 820 3094 caussa
843 3035 1009 3100 convictus
1028 3036 1150 3110 fuisset.

108 3132 205 3174 caussa
221 3114 278 3174 itta
295 3113 444 3195 probatus
459 3115 581 3182 fnisset.
620 3114 686 3177 Ista
752 3113 793 3182 V.
833 3115 970 3194 Quodsi
990 3117 1198 3208 maiorcuipa

107 3195 274 3279 redemptio
288 3217 389 3276 nsque
405 3195 445 3255 ad
457 3196 599 3258 Leudem
615 3217 686 3280 per·
711 3197 810 3259 fuerit
826 3197 866 3258 de
885 3217 949 3292 qua
972 3201 1068 3264 LXII.
1087 3205 1119 3273 S,
1141 3208 1201 3270 ³01,

108 3287 215 3341 manet.
256 3276 291 3336 Si
308 3297 385 3339 vero
398 3275 499 3338 Leadi
514 3278 606 3340 alteri
626 3280 686 3338 im·
712 3278 854 3351 solvere,
880 3300 906 3338 er
929 3283 1096 3350 convictus
1117 3287 1200 3350 suis.

109 3355 278 3434 putaverit,
302 3367 334 3421 et
348 3379 421 3419 eum
434 3358 686 3422 adaeneumha-
712 3369 782 3437 set,
799 3359 948 3439 deberet,
977 3373 1010 3426 et
1036 3372 1202 3455 convenit,

109 3437 159 3500 het
186 3439 388 3518 annullatum,
410 3448 443 3500 et
467 3443 621 3503 convenit
651 3447 687 3500 ut
712 3450 750 3503 ut
772 3461 901 3501 manum
931 3467 1020 3505 suam
1047 3453 1200 3534 redimat,

110 3541 326 3582 modumsuam
340 3521 495 3600 redimat,
515 3523 573 3586 sol.
588 3523 687 3585 XXX.
713 3545 786 3582 curn
806 3523 864 3585 sol.
887 3525 957 3587 XV.
973 3546 1102 3594 manum
1112 3558 1202 3600 suam

112 3601 217 3673 donet;
237 3605 324 3684 quod
347 3603 373 3663 si
392 3603 528 3685 amplias
541 3605 687 3684 dederit,
712 3605 856 3667 redimat.

112 3683 213 3746 fredus
235 3686 274 3748 de
296 3683 364 3770 ipso
383 3685 472 3748 leudi
495 3687 646 3754 solvatur.
755 3687 812 3752 vt.
851 3687 892 3746 Et
910 3685 934 3745 si
951 3693 1086 3769 amplius
1102 3697 1202 3763 dede.

399 3768 403 3773 ’
713 3765 775 3846 rit,
797 3769 908 3829 fredus
932 3769 1074 3835 Grafioni
1096 3781 1202 3844 solva·

712 3857 791 3928 tur,
821 3859 972 3931 tanquam
999 3852 1025 3913 si
1060 3857 1100 3920 de
1134 3863 1204 3942 ipsa

713 3931 982 3996 causaconvictns
995 3935 1120 4005 fuisset.
1138 3943 1203 4012 Ista
1239 3947 1243 3953 '

116 4104 487 4126 Ἢ

117 4245 136 4302 ι
174 4181 207 4266 p)
224 4181 257 4238 ln
276 4201 356 4253 marg.
374 4202 482 4270 mannua
495 4180 528 4240 dt
545 4186 645 4272 tntum.
680 4189 716 4272 ᾳ.)
734 4189 820 4245 Gloss.
840 4187 873 4248 de
894 4186 1039 4250 caldario·
1066 4175 1097 4264 r)
1112 4187 1203 4250 ‘alosa

136 4258 165 4306 st.
182 4253 213 4307 sd
224 4269 262 4312 aaa
279 4269 309 4312 aa
320 4272 428 4313 manas
442 4269 532 4312 matter
543 4275 574 4313 aa
591 4253 753 4315 eotdurraas.
