2906 5008
254 277 330 354 210
489 295 592 352 uenis
609 297 882 352 sussuuuonuu
900 293 973 355 uu
992 297 1113 356 xxxvi.

250 442 370 518 “rra
394 437 581 514 xxxvl.
628 434 723 534 (37.)
771 439 831 512 De
856 453 1039 512 coaventu
1069 453 1112 511 ut
1136 427 1325 512 secundum

499 539 683 633 antiquam
709 541 1008 610 consuetudinem
1039 539 1112 612 fiat.

331 703 356 768 l.
398 702 587 762 Conventus
603 709 710 760 autem
724 700 1187 762 secundumconsuetudinem
1200 701 1348 784 antiquam

250 786 306 846 fiat
333 784 368 843 iu
401 783 488 844 omni
519 792 657 845 centena
683 805 790 844 coram
815 783 939 844 Comite
972 792 1026 843 aut
1051 785 1172 862 Misso,
1205 793 1238 845 et
1259 807 1348 845 curam

251 865 459 932 centenario.

332 949 377 1014 ll.
419 949 528 1029 lpsnm
555 946 711 1030 placitum
738 946 793 1006 fiat
825 945 865 1008 de
894 947 1023 1009 sabbato
1052 947 1086 1007 in
1113 947 1285 1010 sabbatum
1306 959 1349 1009 aut

249 1032 340 1114 quali
362 1031 415 1093 die
434 1032 548 1092 Comes
565 1040 620 1090 ant
640 1029 854 1092 centenarius
878 1031 1030 1108 voluerit,
1051 1029 1069 1089 d
1089 1041 1220 1113 septem
1244 1033 1276 1092 in
1295 1053 1350 1112 sep

250 1124 314 1175 tem
335 1121 467 1189 noctes,
498 1113 630 1194 qnando
662 1134 724 1195 pax
748 1133 844 1194 parre
875 1114 981 1172 estin
1014 1113 1205 1196 provincia;
1235 1117 1349 1198 quaudo

249 1206 357 1258 autem
377 1196 493 1256 melior
519 1204 578 1267 est,
602 1206 675 1278 post
694 1194 941 1277 quatuordecim
970 1205 1080 1258 noctes
1103 1197 1160 1256 fiet
1183 1207 1350 1258 conventus

248 1278 284 1340 in
307 1279 396 1340 omni
415 1288 551 1340 centena
580 1291 627 1355 a),
654 1279 738 1340 sicut
762 1277 910 1357 superius
931 1279 1079 1344 diximus.

331 1362 390 1425 lll.
432 1361 513 1422 Etsi
537 1360 609 1444 quis
631 1361 730 1420 alium
748 1362 878 1420 mallare
902 1363 974 1422 vult
994 1363 1033 1422 de
1050 1363 1278 1444 qualicunque
1291 1383 1350 1421 cau·

247 1465 292 1521 sa,
314 1445 349 1504 in
373 1444 442 1525 ipso
465 1443 563 1504 mallo
581 1443 712 1524 publico
736 1442 831 1502 debet
849 1444 980 1504 mallare
1002 1455 1075 1505 ante
1090 1446 1238 1506 iudicem
1258 1467 1348 1518 suum,

246 1537 283 1591 ut
308 1528 365 1587 ille
388 1527 486 1586 iudex
512 1547 586 1586 eum
606 1527 776 1608 distringat
799 1526 977 1586 secundnm
997 1527 1112 1609 legera,
1133 1539 1168 1589 et
1201 1549 1277 1590 cum
1298 1529 1350 1585 ias·

245 1609 317 1671 titia
336 1608 529 1690 respondeat
549 1607 657 1670 vicino
680 1631 756 1684 sno,
784 1618 839 1668 aut
857 1609 1093 1692 ‹pauliscuaque
1119 1633 1263 1692 persona
1288 1629 1350 1668 eum

245 1693 378 1753 mallare
395 1691 545 1755 voluerit.
588 1692 624 1750 la
645 1713 710 1750 nno
727 1690 813 1751 enim
835 1691 953 1772 placito
976 1693 1087 1752 mallet
1106 1716 1238 1756 causam
1256 1713 1348 1754 suam:

229 1774 444 1840 'insecundo
466 1773 491 1833 si
514 1773 586 1834 vult
606 1773 732 1849 iurare,
762 1773 847 1832 iuret
869 1775 1049 1835 secuudum
1074 1778 1284 1836 constitutam
1309 1773 1349 1832 le-

245 1880 326 1941 gem.
347 1858 388 1916 Et
405 1857 437 1915 in
450 1855 553 1939 primo
568 1857 663 1916 mello
677 1855 833 1936 spondeat
845 1859 1100 1934 sacramentales,
1110 1870 1141 1919 et
1152 1859 1347 1920 fideiussores

244 1940 413 2022 praebeat,
445 1938 529 2000 sicut
557 1938 611 1999 lex
641 1938 755 2014 habet,
790 1946 822 1998 et
852 1940 991 1999 wadium
1014 1963 1107 2001 suum
1133 1943 1239 2003 donet
1264 1940 1347 2000 Misso

245 2021 378 2084 Comitis
404 2019 454 2080 vel
491 2019 540 2080 illi
566 2019 762 2082 Centenario
788 2019 844 2100 qui
874 2032 1017 2102 praeest,
1050 2033 1087 2082 ut
1113 2023 1145 2084 ia
1182 2022 1345 2086 constituto

191 2115 194 2124 ’
246 2105 299 2176 die
322 2113 376 2163 aut
398 2102 540 2184 legitime
567 2103 668 2178 iuret,
702 2114 756 2163 aut
783 2105 810 2163 si
831 2103 1001 2185 culpabilis
1026 2115 1083 2184 est,
1107 2115 1297 2190 componat,
1318 2111 1348 2160 ut

243 2208 303 2268 per
324 2186 507 2267 neglectum
527 2206 592 2246 noa
618 2186 748 2246 eradat:
779 2194 811 2245 et
830 2185 857 2244 si
882 2189 1028 2264 evaserit,
1050 2192 1221 2272 sexaginta
1247 2185 1346 2250 solidis

245 2267 285 2328 de
308 2269 401 2329 fredo
431 2267 472 2329 sit
487 2289 613 2350 semper
633 2267 811 2350 culpabilis.
855 2267 917 2328 llle
934 2280 1039 2331 autern
1061 2273 1236 2356 distringat
1254 2280 1289 2330 ut
1302 2287 1346 2326 ne·

244 2349 386 2433 glectum
406 2371 469 2410 aon
493 2349 564 2427 liat,
589 2372 648 2412 nec
681 2371 836 2432 pauperes
852 2351 1192 2434 patianturininriam,
1218 2375 1277 2415 nec
1292 2350 1346 2414 sint

245 2433 315 2494 sine
344 2433 433 2516 lege,
458 2454 517 2494 nec
541 2433 733 2495 maledicant
755 2435 879 2494 Ducem
902 2457 961 2497 nec
984 2439 1140 2520 populum
1166 2449 1289 2506 terrae5
1317 2439 1345 2490 ut

243 2517 301 2598 qui
321 2516 459 2576 rebelles
487 2525 573 2594 sunt,
597 2517 636 2578 de
659 2517 752 2576 malis
776 2537 808 2577 se
833 2515 1025 2590 abstineanl5
1050 2530 1082 2580 et
1104 2521 1162 2604 qui
1183 2518 1266 2582 boni
1281 2520 1346 2578 sunl

244 2620 358 2682 pacem
379 2597 570 2682 possideant.

321 2681 378 2744 IV.
420 2680 548 2762 Siquis
573 2689 678 2741 autem
700 2679 784 2741 liber
812 2679 974 2763 adipsum
999 2684 1154 2766 placitum
1174 2674 1346 2766 neglexerit

242 2762 367 2841 venire,
390 2764 443 2826 vel
464 2764 668 2844 semetipsum
689 2785 753 2825 nou
779 2770 1030 2844 praesentaverit
1055 2777 1110 2828 aul
1132 2766 1273 2840 Cornifi,
1300 2767 1345 2818 aut

245 2846 452 2922 Centenari0‚
474 2856 529 2905 ant
551 2847 647 2908 Misso
670 2847 802 2908 Comitis
824 2847 856 2906 in
876 2847 1014 2930 placitu,
1050 2849 1223 2912 duodecim
1243 2841 1344 2910 solidis

244 2927 285 2989 sit
302 2927 484 3014 culpabilis.
1234 2995 1237 3000 ¹

328 3015 369 3078 V.
411 3009 654 3092 Qualiscunque
683 3033 819 3093 persona
850 3013 910 3088 sit,
946 3023 1001 3073 aut
1031 3035 1138 3074 vassus
1170 3012 1272 3074 Ducis
1299 3010 1344 3065 aul

247 3094 390 3170 Comitis,
412 3103 465 3152 aut
484 3092 734 3174 quasliscuaque
757 3117 902 3176 persona,
926 3115 1020 3156 nemo
1034 3096 1175 3178 negligat
1196 3096 1344 3174 adipsum

243 3177 399 3259 placitura
427 3177 559 3250 venire,
593 3185 629 3234 ut
653 3177 686 3234 iu
716 3175 784 3258 ipso
815 3177 932 3258 placito
958 3200 1114 3260 pauperes
1150 3177 1344 3240 conclament

247 3281 356 3318 causas
378 3279 460 3318 suns.
512 3259 555 3318 Et
575 3259 663 3340 quod
693 3258 725 3317 in
752 3280 817 3320 uno
843 3259 962 3342 placito
987 3261 1073 3320 finiri
1101 3283 1165 3320 uon
1194 3254 1342 3344 potuerit,

246 3340 281 3398 ia
304 3339 369 3398 alio
391 3337 531 3415 finiatur,
553 3350 588 3399 ut
615 3340 683 3400 sine
707 3340 754 3400 ira
782 3341 843 3401 Dei
870 3342 911 3402 sit
939 3344 1071 3403 defensa
1096 3343 1215 3423 patria,
1251 3352 1281 3403 et
1301 3333 1342 3396 illl

246 3419 464 3498 rebellesqni
489 3423 705 3502 usquemodo
731 3433 859 3506 raptum
883 3426 1032 3485 fecerunt
1046 3423 1062 3503 ,'
1087 3426 1222 3509 amplius
1244 3431 1341 3510 potes-

248 3511 345 3562 tatem
366 3501 508 3563 facieudi
530 3523 594 3564 non
619 3503 765 3570 habeant,

330 3585 388 3646 Vl.
430 3586 470 3644 Et
491 3585 516 3645 si
546 3596 594 3647 est
617 3589 691 3648 talis
722 3609 858 3669 persona
884 3611 979 3671 quam
1008 3591 1123 3651 Comes
1151 3591 1184 3650 in
1212 3586 1340 3673 placito,

173 3705 175 3709 Α
247 3666 299 3728 vel
326 3667 549 3743 centenarius,
571 3669 625 3729 vel
650 3671 764 3732 Missus
789 3671 921 3732 Comitis
944 3672 1133 3754 distringere
1154 3696 1218 3733 non
1238 3673 1340 3756 potesis

246 3760 325 3812 tunc
347 3771 420 3810 eum
439 3754 513 3810 Dux
530 3750 671 3832 legitime
689 3753 868 3836 distringat,
891 3756 1027 3836 plusque
1049 3766 1190 3836 quaerat⁴
1203 3760 1271 3816 Deo
1286 3749 1339 3838 plt·

246 3855 320 3896 cere
346 3855 441 3915 quam
470 3833 608 3912 homini,
641 3845 677 3896 ut
702 3837 832 3896 nullum
854 3837 1037 3920 neglectum
1062 3840 1096 3898 iu
1123 3838 1228 3906 anima
1252 3842 1340 3900 Duell

247 3918 265 3977 a
285 3918 355 3978 Deo
377 3916 571 3998 requiratur.

255 4071 681 4086 m*

318 4163 354 4228 a)
372 4157 498 4212 Corbion.
518 4160 591 4213 loco.
