2900 5020
338 257 356 284 '
417 309 524 377 neers
542 309 745 374 vernavola
767 262 842 370 rvr.
858 308 945 368 sni.
1169 297 1244 377 ,tte

208 465 281 532 XL
323 463 359 530 si
374 465 409 528 in
426 449 629 546 summitate,
650 485 717 548 qna
730 460 901 528 brachium
917 461 1069 553 scapulae
1080 465 1242 553 iis'nssitur,

125 551 291 630 evenerit,
313 558 455 634 quatuor
474 551 533 613 sol.
554 557 735 633 componat.
1222 576 1224 586 ·

207 635 295 700 XLI.
339 634 374 696 Si
394 633 429 694 in
448 633 578 718 palliola
603 629 780 718 superiorIe
798 630 1116 697 articuli-iunctura*
1128 637 1241 719 fuerit,

124 719 252 787 dnobus
270 717 328 781 sol.
349 725 530 801 componat.

206 801 312 866 XLII.
354 800 389 861 Si
408 800 442 861 in
460 798 627 878 inferiori,
649 797 753 861 trihus
771 795 829 862 sol.
846 808 1026 880 componat.

206 885 324 951 XLIII.
365 881 400 944 Si
421 883 462 945 ad
481 883 666 946 iuncturam
680 879 805 946 brachii
820 888 852 944 et
872 881 1002 966 pollicis
1017 881 1136 963 fuerit,
1157 907 1241 970 qua·

124 977 201 1032 tuor
217 969 275 1032 eol.
294 975 476 1048 componat.

206 1048 326 1112 XLIV.
367 1049 403 1111 Si
428 1049 464 1110 iu
493 1047 622 1127 cubito,
654 1054 795 1130 quatuor
820 1045 951 1129 solidis,
984 1047 1066 1110 siin
1087 1047 1240 1116 iunctura

124 1135 293 1221 scapulae,
314 1131 466 1196 similiter
480 1141 621 1216 quatuor
639 1130 698 1196 sol.
715 1151 818 1212 comp.

208 1215 306 1280 XLV.
347 1215 382 1275 si
406 1214 479 1296 quis
503 1214 636 1276 oculum
662 1212 796 1274 alterius
820 1211 866 1272 ita
891 1213 1104 1297 percusserit,
1140 1226 1177 1279 nt
1199 1239 1240 1282 eu

126 1298 264 1361 ulterius
284 1297 396 1362 videre
416 1317 483 1360 non
499 1296 619 1382 possit,
649 1294 767 1381 viginti
789 1293 911 1360 solidos
929 1306 963 1360 et
978 1297 1059 1361 dnos
1076 1299 1239 1364 tremisses

124 1391 324 1560 colnXllVl.
365 1463 401 1526 Si
413 1472 517 1527 totum
533 1461 666 1525 oculum
677 1459 818 1540 eruerit,
840 1460 1240 1572 medietatem-Weregildi

123 1567 174 1629 ,ω
191 1554 414 1773 ⁰Xllllltlllmtsi
433 1626 628 1713 quinalium
644 1634 757 1714 peetus
781 1624 954 1708 furaverit,
982 1626 1156 1692 duodecim
1179 1629 1241 1698 sol.

121 1731 194 1774 eom
218 1734 305 1774 ona.

194 1735 359 1858 1XLVIII.
401 1793 435 1857 si
457 1793 664 1876 praecordia,
686 1791 801 1869 idest,
822 1790 1017 1855 herthamon
1038 1793 1146 1878 gladio
1165 1794 1241 1861 teti-

124 1875 227 1962 gerit,
249 1877 373 1943 XVIII.
398 1876 492 1939 solid.
512 1885 692 1958 componat.
1004 1950 1009 1958 ¹

125 1995 158 2104 ‹I‘
205 1957 326 2022 XLIX.
368 1959 403 2022 Si
419 1959 609 2044 praecordia
622 1958 850 2044 perforaverit,
873 1955 991 2041 viginti
1006 1967 1148 2042 quatuor
1164 1959 1241 2022 soli·

149 2062 177 2105 rs
195 2065 267 2105 com
291 2053 379 2107 onnt.

208 2127 243 2188 L.
268 2065 319 2189 1'Si
347 2125 566 2189 membranam
589 2146 654 2209 qua
679 2125 767 2187 iecor
792 2133 824 2186 et
846 2123 940 2206 splen
960 2123 1126 2206 pendent,
1148 2123 1240 2207 quod

126 2205 274 2272 mithridi
294 2211 323 2284 ἰ)
345 2209 484 2286 dieitur,
505 2208 747 2286 vulneraverit,
768 2206 897 2273 XVlll.
918 2207 977 2272 sol.
998 2218 1182 2290 componat.

206 2293 260 2358 Ll.
301 2290 336 2352 Si
355 2291 440 2354 illud
451 2291 690 2376 perforaverit,
710 2290 838 2358 XXIV.
855 2290 914 2354 sol.
932 2301 1113 2372 componat.

207 2375 278 2442 LII.
320 2373 355 2436 δί
374 2375 409 2436 ἱιι
426 2383 574 2438 ventrem
589 2373 829 2454 vulneraverit,
852 2372 926 2436 XII.
945 2373 1039 2439 solid.
1056 2384 1238 2460 componat.

205 2458 293 2524 LIII.
333 2458 369 2521 δί
388 2457 547 2520 botellum
565 2457 804 2538 vulneraverit,
824 2455 948 2520 XVIII.
968 2456 996 2519 si
1012 2457 1238 2540 perforaverit,

122 2539 248 2608 XXIV.
268 2539 323 2608 sol.
349 2549 530 2624 componat.

203 2623 290 2689 LIV.
333 2624 366 2685 Si
375 2633 488 2686 contra
499 2621 696 2686 stomachum
711 2621 951 2700 vulneraverit,
966 2617 1047 2687 XII.
1061 2620 1119 2682 sol.
1133 2641 1237 2706 comp.

205 2705 274 2770 LV.
315 2707 352 2769 Si
386 2705 587 2770 stomachum
621 2707 765 2789 tetigerit
801 2706 929 2790 gladio,
970 2713 1007 2765 nt
1033 2703 1237 2785 vulneretur,

122 2787 251 2866 XVIII,
271 2786 299 2851 si
319 2789 501 2872 perforatus
522 2787 639 2870 fuerit,
660 2788 787 2856 XXIV.
806 2788 900 2850 solid.
920 2796 1103 2870 componat.
1133 2801 1142 2818 ‘-

204 2870 292 2936 LVl.
333 2871 367 2932 Si
387 2871 529 2935 botellus
547 2871 587 2934 de
608 2871 745 2934 vulnere
766 2869 975 2956 processerit,
998 2879 1031 2932 et
1051 2869 1171 2936 iterum
1187 2871 1237 2932 in-

122 2954 225 3018 terius
248 2952 445 3033 remittitor,
474 2953 534 3015 IV.
564 2952 658 3016 solid.
680 2976 776 3038 supra
800 2952 1066 3036 compositionum
1090 2952 1238 3018 vulneris

122 3042 306 3185 pprnpolnat.
348 3036 383 3097 si
405 3037 452 3180 det
468 3035 562 3120 adipe
575 3035 700 3121 aliquid
714 3035 945 3121 praecesserit,
966 3035 1235 3122 utpraeeidatur‚

172 3167 181 3182 .
251 3170 258 3185 .
300 3141 351 3179 om
398 3141 462 3184 na.
1185 3171 1186 3176 ,

183 3141 307 3267 'XVII
349 3139 394 3263 pp
404 3206 569 3264 veretrum
586 3199 662 3285 quis
679 3200 778 3262 alium
796 3199 986 3282 absciderit,
1006 3199 1237 3285 weregildum

122 3293 523 3434 anunpaxcffipoffil.unum
541 3364 726 3429 testiculum
750 3363 946 3445 excurrerit,
969 3327 1140 3431 dimidium
1153 3326 1235 3436 We·

121 3451 294 3536 regildum.
336 3449 371 3512 si
392 3449 503 3527 ambo,
525 3455 629 3511 totum
649 3462 828 3535 componat.
1130 3470 1134 3495 ι’
1162 3469 1176 3495 θ’
1213 3473 1222 3528 j

205 3531 293 3596 LIX.
335 3531 370 3596 Si
387 3532 554 3596 testiculus
573 3532 689 3596 exierit
706 3555 767 3616 per
779 3533 918 3610 vulnus,
940 3540 974 3594 et
994 3531 1112 3596 iterum
1125 3535 1236 3598 remit·

121 3617 203 3715 titur
223 3617 257 3678 in
280 3617 388 3678 locum
410 3637 521 3696 suum,
543 3614 603 3680 Vl.
619 3616 749 3699 solidis,
772 3638 867 3702 supra
883 3616 1149 3700 compositionem
1163 3619 1236 3684 vul·

121 3709 475 3846 neszfflencallam
491 3802 587 3868 supra
603 3804 690 3868 genu
703 3737 945 3863 vulneraverit,
967 3792 1002 3844 et
1019 3805 1053 3847 os
1066 3795 1233 3848 transver-

120 3888 193 3930 sum
214 3868 348 3949 fregerit
370 3867 426 3944 lt),
449 3865 527 3929 Xll.
549 3867 607 3929 sol.
629 3874 809 3950 componat.

201 3949 289 4016 LXI.
341 3948 376 4008 Si
404 3949 483 4010 tibia
515 3950 624 4012 subtus
652 3948 814 4033 genuculo
842 3947 948 4011 media
982 3946 1085 4011 ineisa
1118 3945 1232 4030 fuerit,

120 4029 183 4108 VI.
202 4032 322 4094 solidos
345 4043 525 4115 componat.
568 4031 603 4096 si
623 4041 691 4095 totu
710 4032 783 4096 Xll.
804 4031 863 4094 sol.
885 4039 1065 4116 componat.

142 4272 169 4328 'd
189 4205 221 4328 a),
236 4205 346 4261 IIerold.
372 4199 520 4259 mithridrs'.
592 4202 619 4273 l)
646 4203 756 4259 Herold.
776 4209 805 4259 et
828 4203 906 4259 Lind.
924 4203 1049 4263 addunt:
1084 4200 1130 4260 aar
1148 4221 1232 4276 prae·

120 4292 145 4329 01
167 4293 207 4332 ert
222 4314 231 4330 .
881 4311 885 4322 ι
1125 4291 1128 4298 “
1148 4313 1151 4324 .
1210 4323 1214 4332 ,
