2876 4992
196 271 271 350 184·
464 292 567 349 nucis
587 290 836 348 ntrunnronuu
860 293 931 349 ur.
952 294 1008 349 nx.

193 433 253 502 nni
278 432 352 515 plus
376 454 473 516 qnam
495 432 591 496 alteri
613 429 697 494 nihil
721 432 905 494 condonare
928 434 980 496 vel
1004 432 1208 497 conscribere
1225 456 1304 519 per-

193 515 359 582 mittimus.
402 515 548 594 Quodsi
571 514 644 598 quia
665 516 780 576 fecerit
803 514 932 576 irritum
951 516 1117 583 habeatnr.

192 636 282 706 Ttr.
308 633 393 706 LX.
410 630 524 729 (62.)
573 636 631 744 De
658 633 978 803 ppbtrapitionibus
1001 647 1038 705 ct
1060 635 1220 706 testibus
1236 636 1303 706 ed·

687 760 696 802 r
727 755 770 802 en
799 758 839 801 rs.

275 854 300 920 l.
343 853 376 913 Si
396 852 469 934 quis
489 851 601 914 villam
619 861 675 914 aut
691 852 819 914 vineam
833 853 886 912 vel
907 853 1084 934 quamlibet
1107 855 1308 936 possession·-

192 933 297 999 culam
319 937 358 997 ab
384 936 448 996 alio
469 936 682 1016 comparavit,
704 944 736 996 et
756 943 981 996 testamentum
1006 945 1043 1008 r)
1066 939 1212 1020 accipere
1234 959 1300 999 non

194 1019 354 1103 potnerit,
376 1018 402 1079 si
427 1018 597 1079 mediocris
621 1039 672 1080 res
702 1027 769 1094 est,
789 1041 862 1080 cum
884 1041 940 1080 sex
960 1019 1113 1097 testibus,
1135 1029 1167 1080 et
1186 1021 1212 1081 si
1231 1043 1305 1102 par·

194 1124 257 1178 ra,
279 1122 352 1160 cum
371 1101 491 1178 tribus,
517 1102 606 1180 quod
637 1101 662 1162 si
696 1121 809 1182 magna
835 1122 908 1162 cum
931 1101 1104 1163 duodecim
1129 1104 1170 1163 ad
1191 1103 1299 1164 locum

132 1201 135 1206 ‘
192 1182 375 1248 traditionis
403 1207 477 1262 cum
503 1183 637 1244 totidem
662 1204 796 1243 numero
822 1183 930 1265 pueris
952 1184 1103 1263 accedat,
1132 1194 1164 1246 et
1186 1185 1232 1246 sic
1254 1187 1299 1246 eis

190 1267 414 1350 praesentibus
437 1265 576 1349 pretium
603 1266 723 1344 tradat,
754 1275 787 1326 et
817 1266 1047 1346 possessionem
1080 1268 1236 1350 accipiat,
1268 1277 1300 1328 et

191 1347 370 1430 unicuique
393 1349 432 1410 de
458 1349 598 1429 parvulis
621 1349 725 1430 alapas
747 1348 865 1419 donet,
896 1358 928 1408 et
950 1357 1100 1431 torqueat
1119 1351 1298 1428 auriculas,

191 1439 230 1492 ut
246 1429 276 1491 ei
299 1431 333 1490 in
358 1431 560 1514 postmodnm
586 1431 806 1492 testimonium
830 1431 1012 1511 praebeant.
1056 1433 1091 1493 si
1117 1443 1223 1494 antem
1239 1444 1300 1494 tes·

191 1522 240 1574 tes
265 1533 331 1575 non
349 1514 490 1596 potuerit
516 1534 727 1597 congregare,
756 1515 842 1574 atei
865 1513 1084 1574 testimonium
1108 1515 1297 1597 praebeant,

193 1605 274 1656 tunc
296 1617 364 1656 rem
385 1619 474 1658 suam
498 1618 572 1657 curn
594 1619 650 1658 sex
673 1597 739 1658 sive
763 1617 836 1657 cum
861 1606 986 1678 septem
1006 1619 1082 1657 cum
1109 1599 1298 1659 sacramenti

194 1677 439 1759 interpositione
464 1679 525 1740 sibi
548 1681 676 1742 studeat
695 1678 889 1743 evindicare.

202 1805 206 1814 .
274 1763 314 1828 ΙΙ,
356 1763 390 1823 si
415 1763 487 1844 quis
509 1772 690 1824 consortem
716 1784 807 1822 suum
832 1763 1156 1846 quantulumcunque
1185 1784 1298 1845 super-

191 1842 339 1928 priserit,
366 1867 440 1908 cum
464 1846 651 1925 quindecim
672 1845 783 1906 solidis
804 1844 959 1905 restituat.

203 1975 205 1980 .
273 1927 333 1992 ΙΙΙ.
376 1928 410 1988 si
436 1936 541 1988 autem
566 1928 651 1987 infra
672 1936 895 1988 testamentum
918 1927 1014 2009 Regis
1032 1926 1157 2008 aliquid
1176 1929 1298 1989 invase·

191 2007 258 2086 rit,
286 2018 341 2070 aut
370 2033 442 2071 cum
474 2033 529 2072 sex
555 2011 659 2087 iuret,
690 2010 778 2091 quod
807 2009 892 2068 inira
918 2010 1177 2071 terminationem
1204 2019 1297 2071 testa·

191 2090 293 2152 menti
312 2091 394 2152 nihil
415 2093 601 2172 invasisset,
623 2104 678 2154 ant
695 2113 767 2154 cum
782 2091 947 2173 sexaginta
961 2093 1073 2154 solidis
1089 2115 1215 2154 omnem
1227 2093 1298 2154 red·

192 2172 349 2234 ditionem
370 2176 525 2242 restituat.

275 2256 332 2322 lV.
374 2258 533 2341 Siautem
559 2257 642 2317 infra
663 2255 924 2317 terminationem
948 2257 1055 2340 aliqua
1090 2257 1210 2318 indicia
1239 2279 1294 2318 sua

193 2345 280 2413 arte,
302 2340 354 2400 vel
378 2339 509 2401 butinae
532 2363 546 2399 s
548 2350 587 2417 )‚
610 2349 665 2398 aut
680 2339 799 2400 mutuli
820 2340 921 2400 factae
941 2348 972 2412 t)
987 2339 1170 2401 exstiterint
1189 2340 1228 2400 ad
1244 2362 1295 2400 sa-

193 2430 391 2480 cramentum
411 2446 475 2485 non
496 2423 697 2501 admittatur,
720 2421 831 2482 sedin
855 2431 1023 2502 praesente
1045 2445 1120 2483 cum
1141 2424 1222 2505 legis
1245 2423 1304 2485 be·

191 2501 309 2563 areticio
328 2515 460 2584 cogatur
480 2505 659 2566 restituere.

277 2585 317 2651 V.
359 2589 482 2664 Quodsi
515 2598 604 2649 entra
634 2584 795 2646 marcham
826 2584 861 2644 in
892 2594 1010 2660 sortem
1036 2587 1168 2648 alterins
1201 2587 1303 2654 luerit

193 2665 379 2750 ingressus,
403 2670 560 2732 iudicium
587 2667 853 2750 comprehensum
878 2669 1091 2748 compellatur
1116 2670 1302 2750 adimplere.

276 2751 336 2813 Vl.
378 2754 476 2830 Quod
504 2753 529 2814 si
553 2757 777 2813 testamentum
805 2751 900 2832 Regis
924 2753 1042 2831 absque
1070 2755 1230 2813 contrario
1254 2762 1301 2814 ter

195 2842 352 2896 stamento
376 2837 494 2898 falsum
517 2835 704 2898 clamaverit
725 2853 790 2893 non
817 2834 948 2896 aliunde
972 2834 1033 2896 nisi
1061 2836 1101 2896 de
1126 2835 1191 2895 vita
1217 2856 1300 2895 com·

216 2927 300 2982 onat.

190 2937 212 2998 P
276 2999 349 3066 Vll.
391 3001 488 3078 Quod
512 3000 537 3062 si
563 3001 629 3062 dno
652 3006 840 3059 testamenta
861 2999 984 3079 Regum
1005 2999 1045 3060 de
1069 3019 1131 3057 una
1154 3017 1190 3058 re
1217 2993 1301 3058 exti-

198 3080 316 3158 terint,
339 3104 465 3164 semper
485 3083 576 3165 prior
596 3090 636 3154 u)
660 3081 821 3162 duplicem
848 3081 1000 3141 sortiatur
1013 3082 1195 3161 portionem
1208 3087 1260 3152 o).

284 3165 372 3226 Vlll.
415 3167 512 3243 Quod
531 3166 558 3227 si
585 3164 657 3250 quis
683 3165 721 3224 de
751 3163 896 3224 Ecclesia
921 3164 1044 3245 aliquid
1074 3165 1106 3225 vi
1134 3162 1302 3226 abstulerit

193 3267 268 3308 cum
289 3249 503 3330 suprascripta
526 3257 582 3321 w)
605 3249 676 3328 lege
702 3246 735 3305 in
759 3246 892 3330 triplum
910 3247 1067 3316 restituat.
1118 3295 1121 3306 ,

192 3361 281 3432 Tm.
304 3363 407 3433 LXI.
434 3361 545 3464 (63.)
595 3365 654 3434 De
681 3365 821 3448 libertis
851 3366 1047 3434 secundum
1079 3365 1194 3458 legem
1218 3362 1301 3444 Boe

666 3488 819 3534 maltam.

250 3607 253 3612 '
280 3589 305 3658 l.
349 3593 383 3653 Si
413 3593 486 3676 quis
515 3614 643 3664 servum
677 3613 768 3652 suum
803 3591 956 3651 libertum
986 3590 1101 3653 fecerit
1132 3600 1164 3651 et
1195 3591 1301 3650 civem

193 3671 393 3756 Romanum,
419 3688 591 3760 portasque
616 3685 738 3757 apertas
762 3675 1015 3755 conscripserit,
1045 3673 1072 3733 si
1095 3674 1163 3734 sine
1189 3673 1300 3734 liberis

195 3755 394 3838 discesserit,
417 3782 481 3820 non
497 3760 595 3819 alium
619 3757 682 3818 nisi
708 3759 817 3818 fiscum
842 3765 985 3817 nostrum
1005 3755 1120 3816 habeat
1137 3756 1301 3835 heredem,

273 3843 317 3908 11.
360 3844 457 3921 Quod
483 3844 508 3904 si
534 3840 658 3923 aliquid
680 3839 825 3902 criminis
851 3839 1032 3918 admiserit,
1055 3839 1232 3900 secundum
1250 3840 1309 3898 le.u

260 4047 299 4119 q)
318 4044 396 4096 Lind.
422 4044 463 4094 De
486 4040 652 4093 testamentis
674 4056 765 4108 regum
792 4039 834 4090 vel
857 4036 996 4109 detrudit.
1023 4049 1024 4056 ¹
1050 4035 1081 4106 r)
1103 4036 1157 4093 Tit.
1182 4039 1302 4103 testimo·

188 4119 275 4168 nium.
330 4114 362 4183 s)
378 4112 443 4166 eod,
453 4129 506 4178 reg.
518 4111 643 4162 bucirzoe.
655 4108 708 4160 Til.
721 4109 826 4160 bucino.
848 4107 970 4166 Siclmrd.
982 4109 1124 4162 braccinae.
1177 4107 1206 4176 t)
1220 4106 1299 4160 Lind.

182 4187 271 4256 fincta.
327 4187 365 4253 n)
383 4183 493 4234 llerold.
504 4183 601 4251 prius.
617 4179 684 4234 cod.
702 4195 756 4244 reg.
772 4181 914 4250 proprior·
970 4177 1005 4247 v)
1022 4176 1310 4247 Herold.proportio·a

185 4273 256 4309 rtem.
293 4251 658 4322 w)Heroldsuperscripta.
1178 4286 1180 4292 ,
