2900 5020
2 407 45 453 ma

463 275 574 335 tants
588 271 788 336 narnensis
813 277 885 332 mn
905 276 962 332 st.
1192 249 1265 333 aot

226 403 303 476 Haec
318 419 364 472 lcx
388 418 461 472 inter
478 417 621 474 hanbachi
645 427 674 473 ct
697 417 816 472 Flebam
840 414 1010 484 custoditor,
1040 427 1180 468 caeterum
1196 412 1271 472 inter

260 489 379 544 Flehum
408 499 436 542 ct
459 489 608 542 Sincfalnm
632 489 746 546 fluvium
768 505 817 560 pro
840 485 998 540 huiusmodi
1024 502 1106 539 causa
1138 485 1201 536 talis
1228 489 1270 536 cst

237 560 471 712 Ililwldlddhi
490 623 756 712 compositionem
776 612 944 690 homicidii
965 623 1110 709 quaerit,
1132 621 1167 683 in
1188 619 1269 682 reli-

154 715 242 800 qniis
258 719 441 776 sanctorum
457 711 560 790 iuret,
586 733 620 774 se
637 733 703 773 non
728 712 828 772 alium
850 708 890 772 de
905 709 966 771 hac
981 730 1016 769 re
1040 700 1268 789 interpellatu-

42 793 47 828 ²
154 819 246 876 rum,
268 795 331 856 nisi
353 814 425 873 eos,
444 794 502 876 qui
522 795 553 856 ei
568 793 669 876 ipsius
684 793 853 856 homicidii
868 791 1010 876 suspecti
1026 796 1119 868 sunt,
1141 796 1177 850 et
1187 796 1268 848 tunc

16 864 47 912 ’ἰ
155 903 259 942 unum
278 878 330 940 vel
350 875 450 954 duos,
484 878 536 939 vel
561 876 657 938 etiam
676 886 742 938 tres
765 885 820 938 ant
844 885 1004 958 quatuor,
1033 872 1087 936 rel
1109 870 1270 953 quotlibet

155 962 295 1039 fuerint,
317 959 469 1042 quicum
490 959 547 1042 qui
563 960 688 1022 occisus
710 969 757 1022 est
776 960 1050 1033 vulneraverunt,
1072 955 1112 1016 de
1128 952 1267 1014 homici-
1335 947 1348 972 ³'

156 1047 212 1108 dio
229 1041 427 1124 interpellet.
465 1041 529 1104 Sed
548 1043 693 1124 quamvis
715 1042 832 1125 viginti
853 1042 908 1105 vel
924 1041 1020 1102 etiam
1036 1037 1171 1120 triginta
1193 1036 1269 1096 fue-

154 1129 223 1190 r'int
243 1145 309 1186 non
327 1133 432 1185 tamen
444 1125 596 1207 amplius,
619 1145 716 1210 qnam
734 1135 857 1207 septem
870 1120 1103 1207 interpellandi
1117 1127 1193 1181 sunt
1201 1162 1213 1213 ,
1236 1123 1270 1177 et

155 1207 380 1290 unnsquisque
404 1228 531 1286 eorum,
561 1208 618 1290 qui
646 1208 871 1290 interpellatus
898 1215 960 1285 cst,
994 1225 1051 1270 sna
1076 1202 1269 1264 duodecima

156 1312 255 1352 manu
276 1290 382 1365 iuret,
405 1297 437 1351 et
456 1311 490 1350 se
507 1300 580 1373 post
597 1289 975 1353 sacramentumiudicio
989 1287 1052 1351 Dei
1078 1284 1268 1346 examinan-

156 1374 250 1449 dum,
270 1370 413 1432 ferventi
430 1392 512 1453 aqua
529 1371 739 1434 innocentem
753 1373 909 1435 ostendat.
951 1371 1017 1450 Qui
1041 1369 1163 1452 primus
1179 1367 1268 1460 inra-

154 1456 242 1532 vint,
265 1450 396 1535 primus'
408 1455 448 1515 ad
463 1454 619 1515 iudicium
635 1464 745 1533 exeat,
769 1467 801 1517 et
813 1456 859 1518 sic
870 1476 929 1538 per
947 1454 1105 1528 ordinem,
1127 1471 1199 1510 cum
1214 1468 1267 1540 ru:
1316 1527 1320 1533 ἱ

152 1536 241 1598 dicio
256 1547 303 1612 y)
324 1536 476 1617 probatus
493 1537 644 1600 inventus
665 1538 784 1616 fucrit,
813 1537 1079 1620 compositionem
1098 1529 1266 1593 homicidis

152 1618 331 1702 persolvat,
366 1630 398 1680 et
418 1621 458 1680 ad
475 1630 600 1716 pprtem
621 1620 707 1703 regis
727 1621 1018 1702 bisWeregildum
1038 1639 1141 1682 sunm.
1184 1616 1267 1675 Cae-

154 1701 217 1764 teri
238 1699 565 1764 coniuratores-sicut
582 1704 730 1782 superius
748 1704 788 1765 de
804 1703 943 1782 periuris
962 1702 1083 1762 dictum
1103 1708 1160 1765 est.

222 1786 265 1837 De
283 1783 377 1904 cadpim
396 1802 440 1847 rc,
470 1783 542 1838 inter
560 1785 702 1839 Lauhachi
726 1795 754 1839 et
771 1786 904 1841 Wisaram
922 1785 1036 1840 fluvium
1060 1783 1122 1837 talis
1142 1789 1182 1836 est
1200 1797 1266 1834 con·

256 1862 335 1905 suctu
357 1870 382 1904 o.

236 1921 293 1988 IV.
334 1923 416 2000 Ille,
446 1922 503 2005 qui
523 1923 787 2007 compositionem
803 1921 971 1987 homicidii
993 1922 1139 2005 quaerit,
1161 1943 1265 1986 unum

154 2001 320 2064 hominem
346 2004 552 2087 interpellat,
583 2006 779 2070 homicidam
803 2031 878 2071 euru
903 2007 1042 2090 proximi
1065 2005 1114 2068 sui
1135 2007 1265 2087 ¹vocaus,

155 2095 186 2147 et
210 2107 284 2148 eum
303 2086 433 2148 leudem
452 2088 551 2150 occisi
575 2089 671 2152 debet
683 2091 883 2173 persolvere:
904 2099 936 2150 et
952 2089 1028 2168 ille,
1050 2089 1076 2150 si
1091 2090 1267 2171 responde·

154 2168 218 2246 rit,
242 2176 274 2229 ct
290 2168 424 2247 dixerit,
456 2194 489 2233 se
511 2171 597 2232 velle
619 2194 692 2233 cnm
709 2171 966 2236 coniuratoribus
985 2173 1050 2234 suis
1065 2183 1265 2234 sacramento

154 2272 189 2311 se
204 2271 360 2332 purgare,
382 2252 468 2312 dicat
483 2254 558 2331 ille,
580 2255 637 2336 qni
653 2256 848 2318 homicidam
864 2277 939 2316 enm
959 2255 1200 2338 interpellavit,
1229 2275 1264 2318 se

154 2332 189 2394 in
210 2333 329 2416 placito
349 2335 480 2416 publico
506 2358 581 2398 eum
599 2338 808 2422 interpellare
830 2340 935 2416 velle,
959 2347 990 2399 ct
1010 2337 1054 2401 ita
1073 2337 1186 2414 faciat,
1216 2340 1265 2400 in·

152 2415 306 2496 terpellet
321 2416 395 2476 eum
415 2417 448 2478 in
468 2419 587 2502 placito
609 2442 716 2483 coram
735 2422 915 2498 iudicibus,
939 2429 971 2480 et
984 2419 1064 2494 itte,
1087 2420 1144 2502 qui
1167 2419 1266 2484 inter·
1333 2459 1337 2475 ι

152 2499 290 2581 pellatns
305 2507 369 2577 est,
391 2498 418 2562 si
431 2523 548 2584 negare
562 2524 627 2564 non
638 2505 768 2646 poterit
782 2505 899 2583 alium,
920 2503 1008 2583 quod
1023 2502 1084 2564 sibi
1101 2503 1264 2568 obiectum

153 2589 219 2658 est,
241 2579 409 2642 homicidii
433 2605 525 2646 reum
545 2603 634 2648 osten
660 2597 711 2666 at,
733 2588 821 2669 quod
842 2587 885 2646 ita
910 2587 951 2672 z)
972 2586 1079 2648 facere
1100 2585 1205 2654 debet,

234 2664 274 2724 V.
317 2665 479 2727 Producat
500 2667 683 2748 hominem,
705 2691 802 2752 quem
824 2670 981 2746 voluerit,
1001 2669 1153 2748 etiuret,
1175 2665 1264 2754 qnod

153 2742 210 2804 illc
227 2742 323 2806 homo
349 2754 384 2822 a]
406 2748 591 2829 homicidii,
612 2753 737 2834 dequo
759 2775 817 2836 ego
838 2752 1063 2836 interpellatus
1078 2773 1165 2830 sum,
1187 2775 1263 2814 reus

154 2834 224 2903 est,
244 2834 361 2889 tenens
380 2839 454 2891 eum
476 2855 536 2916 per
549 2856 638 2896 oram
658 2836 724 2918 sagi
743 2837 812 2899 sui:
846 2835 909 2896 Ille
930 2845 1055 2912 autem,
1076 2833 1103 2895 si
1124 2834 1186 2900 hoc
1211 2857 1263 2898 sa·

154 2917 353 3002 crementum
369 2932 485 2993 negare
507 2916 607 2995 velit,
629 2918 733 2997 iuret,
763 2927 795 2980 et
817 2925 929 2980 contra
948 2918 1052 3001 ipsum
1076 2938 1149 2978 cnm
1168 2916 1263 2980 armis

153 3007 220 3084 suis
243 3010 276 3048 1n
300 3011 448 3074 campum
470 3001 641 3079 procedat,
674 3009 705 3062 et
734 3009 808 3062 uter
829 3002 863 3062 in
886 3000 954 3082 ipso
978 3002 1155 3063 certamine
1182 3024 1263 3064 con·

154 3079 261 3133 victus
280 3071 397 3153 fucrit,
420 3087 452 3138 et
468 3079 528 3140 sihi
548 3082 808 3162 concrediderit,
829 3083 933 3146 solvat
949 3082 1078 3144 leudem
1097 3084 1205 3148 occisi.
1253 3103 1257 3112 “

175 3232 183 3249 ·
210 3152 293 3252 ‘'VI.
335 3156 370 3217 si
384 3168 488 3219 autem
502 3163 625 3226 occisos
638 3165 753 3246 fuerit,
775 3164 887 3230 haeres
900 3165 969 3228 eins
980 3161 1147 3251 proximus
1159 3168 1262 3232 homi·

153 3235 233 3298 crdrr
250 3241 516 3320 compositionem
534 3248 690 3310 exsolvat.
1072 3259 1075 3267 '

234 3319 310 3388 VlI.
353 3321 391 3382 ln
413 3323 474 3386 hac
494 3335 599 3390 tamen
620 3328 828 3392 contentione
847 3327 927 3391 licet
943 3327 1122 3416 unicuique
1141 3353 1201 3417 pro
1226 3353 1261 3397 se

152 3402 354 3498 campionem
380 3410 530 3483 mercede
556 3411 759 3491 conducere,
788 3411 814 3474 si
837 3433 911 3475 eum
932 3411 1082 3481 invenire
1108 3416 1263 3514 potuerit,

153 3485 187 3546 Sr
207 3485 348 3568 campio,
378 3489 436 3569 qui
453 3495 599 3555 mercede
622 3494 800 3556 conductus
818 3504 882 3574 cst,
915 3495 1038 3558 occisus
1060 3497 1176 3576 fuerit,
1203 3517 1260 3580 qut

153 3587 228 3627 eum
252 3569 426 3648 conduxit,
454 3575 520 3637 LX.
543 3576 635 3638 solid.
654 3577 688 3637 id
712 3587 759 3639 εει
778 3577 874 3640 libras
888 3589 952 3640 tres
972 3578 1011 3638 ad
1034 3589 1158 3660 partem
1174 3579 1261 3664 regis

152 3669 254 3729 comp.
278 3652 410 3733 insuper
428 3665 459 3715 ct
478 3658 607 3719 leudem
629 3657 726 3720 occisi
747 3659 888 3722 hominis
909 3660 1063 3724 exsolvat.

220 3733 255 3785 Et
272 3731 327 3786 hoc
344 3737 374 3787 in
392 3738 487 3792 eadem
503 3741 614 3808 regione
631 3742 724 3795 taliter
741 3742 907 3799 observatur.

197 3915 202 3928 ⁸
259 3837 349 3908 ΤΙΤ.
376 3847 462 3918 XV.
513 3849 571 3918 Dc
596 3851 918 3943 compositionibus
945 3848 1152 3942 Wergildo.

151 4044 171 4108 d
233 3964 264 4062 Ι..
310 3966 506 4052 Compositio
528 3968 669 4033 hominis
701 3971 821 4034 nobilis
850 3971 953 4037 librae
976 3972 1032 4035 XI.
1053 3979 1259 4056 perveteres

175 4067 311 4117 enarres.
523 4071 525 4082 ·

220 4220 249 4287 γ)
268 4219 348 4274 Lind.
386 4225 442 4291 Qui
466 4225 497 4278 in
515 4223 628 4280 iudicio.
700 4225 730 4298 s)
757 4226 837 4283 Lind.
866 4229 916 4303 qui
937 4230 989 4288 ita.
1060 4227 1091 4306 a)
1119 4227 1195 4283 Lind.
1217 4231 1260 4286 iu-

151 4299 211 4343 ret:
238 4291 286 4347 illc
313 4291 391 4346 tomo
418 4305 467 4349 etc.
