2900 5020
195 229 273 326 ott,
418 251 524 310 racis
542 249 830 309 amcuumortun
848 253 922 313 rrr.
938 254 1064 314 xxrm.

193 392 471 496 'tlar..·XXV11.
520 393 578 464 De
603 394 757 488 inruptis
782 394 947 488 sepibus,
976 411 1014 469 et
1037 398 1166 470 clausis
1189 401 1312 472 iring.

413 494 527 581 ribus,
556 493 663 561 furtis
689 493 797 562 etiam
823 508 860 563 et
884 496 1079 568 violentiis.

220 692 223 701 Ι
271 621 298 685 Ῐ.
339 619 461 704 Siquis
483 641 590 704 sepem
621 619 759 680 alienam
787 621 878 682 nullo
901 621 1071 705 impeditus
1102 624 1227 686 obiecto
1249 624 1307 698 d)

195 691 357 784 i'nlerendi
381 713 502 764 tantum
523 703 629 764 damni
651 703 756 764 studio
778 705 912 786 ruperit,
926 707 952 766 si
975 705 1134 790 ingenuus
1156 729 1305 790 aperne-

192 789 247 866 rit,
266 787 319 847 illi
348 785 440 849 cuius
463 784 572 846 messis
594 793 651 862 cst,
673 805 731 867 per
753 785 895 868 singulos
916 787 1023 870 palos,
1054 789 1198 871 singulos
1226 798 1304 850 tre-

194 872 305 951 misses
328 868 492 932 exsolvate
526 866 552 928 si
574 887 682 928 servus
704 865 766 928 boc
786 869 916 946 fecerit,
943 881 1072 932 centum
1092 872 1226 934 IustIum
1246 873 1301 933 ic-

192 964 244 1016 tus
266 951 414 1036 accipiat,
437 957 469 1010 et
489 969 591 1030 sepes,
613 970 694 1031 quae
717 971 733 1008 a
758 959 824 1010 ertu
845 952 960 1028 fuerat,
982 962 1158 1035 reparetur.

275 1033 320 1100 II.
342 1035 409 1095 Hoc
420 1033 514 1092 etiarn
528 1031 567 1092 dc
583 1041 671 1114 prato
687 972 768 1092 etde
784 1031 891 1112 vinea,
907 1035 1118 1117 praecipimus
1130 1036 1303 1104 custodiri.

220 1186 224 1199 .
274 1113 334 1178 111.
376 1115 496 1176 Omnes
524 1134 599 1174 saue
636 1113 783 1176 volumus
817 1113 879 1176 boe
909 1116 1076 1178 evidenter
1109 1139 1300 1200 agnoscere.

194 1199 390 1280 Quicunque
412 1199 496 1259 viam
507 1193 668 1278 publicam
689 1205 744 1255 aut
764 1195 937 1258 vicinalem
957 1199 1119 1280 clauserit,
1140 1199 1216 1264 XII.
1234 1201 1301 1262 eol.

193 1306 227 1346 se
248 1281 387 1342 mulctae
407 1279 536 1340 nornine
559 1278 687 1339 noverit
705 1277 897 1340 inlaturum:
928 1278 972 1340 ita
994 1291 1030 1342 ut
1048 1303 1138 1364 sepes
1159 1283 1216 1342 illa
1234 1283 1297 1342 irn-

192 1385 282 1450 puuc
302 1361 577 1427 atranseuntibus
591 1361 623 1437 e)
644 1359 833 1443 deponatur,
853 1370 886 1423 et
905 1363 1025 1441 messis,
1047 1375 1202 1449 quantum
1219 1365 1297 1430 riae

194 1445 332 1530 spatium
359 1444 524 1505 continere
552 1450 697 1524 potuerat
715 1439 762 1522 f)
789 1452 983 1510 conteratur.

211 1555 229 1572 =‹
277 1526 332 1591 Ill.
374 1527 409 1587 Si
430 1525 501 1608 quis
521 1546 629 1606 sepem
649 1524 786 1584 alienam
810 1527 981 1608 aperuerit,
1001 1537 1033 1588 et
1054 1529 1194 1591 caballos
1214 1537 1294 1592 ‘suos

193 1607 249 1672 aut
270 1609 420 1669 animalia
442 1611 475 1668 iu
497 1627 629 1666 messem
658 1615 711 1665 aut
736 1607 770 1665 in
791 1616 916 1689 pratum
936 1610 1136 1674 voluntarius
1157 1613 1294 1692 miserit,

193 1693 223 1756 si
246 1693 413 1774 ingenuus
432 1697 475 1769 g)
496 1689 558 1749 boc
578 1689 711 1764 fecerit,
732 1709 791 1770 per
818 1690 945 1773 singula
974 1692 1124 1754 animalia
1152 1696 1294 1773 inferat,

190 1797 249 1862 pro
263 1774 371 1834 messis
384 1774 435 1835 rel
447 1773 529 1856 prati
549 1771 674 1848 damno,
685 1770 814 1831 domino
829 1773 947 1834 solidos
963 1773 1073 1836 decem
1086 1777 1229 1860 singulos
1250 1781 1293 1856 h).

217 1885 221 1890 ·
273 1859 313 1917 V.
354 1855 387 1914 Si
407 1875 516 1916 servus
535 1853 596 1912 boc
611 1853 734 1929 fecerit,
750 1862 878 1914 centum
894 1855 1031 1917 *fustium
1047 1858 1127 1920 lctus
1142 1860 1293 1940 accipiat,

192 1939 236 1999 ita
255 1949 361 2000 tamen
385 1947 421 1998 ut
440 1939 458 1997 d
478 1935 607 1996 domino
627 1934 712 1996 serti
734 1935 894 2015 damnum,
916 1939 1005 2020 quod
1024 1941 1193 2003 admissum
1214 1943 1292 2017 fue-

191 2021 245 2100 rit,
268 2028 486 2102 componatur.

273 2103 331 2163 VI.
374 2101 409 2161 Si
431 2120 507 2163 vero
537 2099 629 2162 cuius
661 2100 775 2161 caballi
805 2109 902 2178 suut,
932 2101 1084 2166 iuventus
1113 2105 1131 2165 d
1157 2105 1291 2168 domino

192 2185 312 2263 messis,
335 2184 412 2244 dum
432 2189 560 2244 tenetur
579 2183 619 2242 ad
641 2183 794 2259 debitum,
815 2184 965 2246 resistere
986 2187 1118 2247 fortasse
1139 2197 1289 2250 tentare-

190 2267 243 2345 rit,
265 2276 299 2328 et
319 2287 428 2326 caesus
449 2267 547 2326 luerit
568 2274 621 2324 aut
641 2267 793 2346 plagatus,
808 2267 929 2324 nullam
950 2268 1080 2347 exinde,
1102 2269 1192 2333 cuius
1210 2293 1291 2334 mes·

191 2349 234 2412 sis
256 2359 311 2409 aut
332 2357 457 2430 pratum
478 2357 534 2424 est,
557 2347 748 2407 calumniam
768 2347 916 2429 patiatur.

273 2432 348 2496 VII.
390 2429 423 2490 si
445 2428 516 2510 quis
536 2449 595 2510 per
615 2428 699 2488 diem
730 2428 762 2487 in
786 2429 911 2489 vineam
939 2429 1076 2492 alienam
1102 2435 1213 2496 furtim
1235 2444 1291 2496 aut

190 2513 351 2577 violenter
372 2509 532 2592 ingressus
553 2511 671 2586 faerit,
699 2520 737 2571 ut
766 2511 916 2572 damnum
935 2513 1048 2594 iaciat,
1079 2515 1197 2579 inferat
1229 2541 1290 2602 pro

189 2591 258 2681 ipsa
272 2593 533 2678 praesumptione
556 2593 612 2653 sol.
635 2593 691 2651 III.

273 2677 365 2744 VIII.
406 2676 442 2738 si
467 2695 575 2736 servus
595 2675 657 2734 hoc
677 2673 792 2736 lecerit
812 2676 971 2738 caedatur.

274 2760 330 2824 lX„
373 2759 407 2818 Si
430 2760 502 2838 quis
523 2760 650 2818 vineam
670 2757 812 2816 fructum
838 2757 1010 2820 habentem
1041 2769 1139 2822 nocttr
1166 2762 1290 2846 ingres-

189 2841 381 2914 uastauit,
404 2850 437 2902 et
457 2840 474 2900 d
495 2839 625 2902 custode
646 2837 760 2899 vincae
790 2838 873 2900 intra
901 2841 1027 2904 vineam
1056 2844 1157 2905 fuerit
1185 2847 1288 2909 inter-

192 2935 327 3010 emptus,
349 2924 388 2983 ab
410 2921 506 2983 occisi
528 2922 657 2983 domiuo
678 2929 733 2979 aut
760 2922 945 3002 parentibus
967 2946 1034 2987 non
1053 2928 1248 3008 requiratur.

235 3007 314 3072 ··X.
355 3006 389 3066 Si
416 3004 488 3087 quie
516 3004 674 3086 ingenuus
698 3023 858 3064 vomerem
879 3007 965 3066 furto
988 3007 1175 3087 abstulerit,
1208 3009 1288 3072 duos

188 3089 286 3151 boves
307 3109 381 3149 cum
402 3087 551 3148 iunctura
572 3093 605 3147 et
632 3081 809 3170 (adparatu
827 3087 922 3148 aratri
943 3089 1068 3151 tradere
1090 3093 1126 3164 ι’)
1158 3092 1289 3154 domino

190 3171 410 3252 compellatur.

271 3251 333 3318 XI.
375 3250 409 3312 Si
435 3271 544 3313 serras
565 3249 627 3311 hoc
647 3248 782 3328 fecerit,
805 3250 865 3317 CL.
887 3251 1020 3313 fustium
1041 3251 1122 3315 ictus
1143 3254 1285 3337 accipiat.

192 3358 281 3471 TIT.
314 3364 494 3438 XXVIII·
556 3365 614 3434 De
644 3365 784 3435 indulta
824 3369 1042 3460 generaliter
1074 3371 1286 3464 incidendo-

499 3487 581 3534 rum
606 3464 788 3554 lignorum
813 3466 972 3538 licentia.

271 3561 297 3624 I.
338 3561 372 3621 si
395 3560 466 3642 quis
495 3559 681 3641 BurgundIo
709 3569 763 3620 aut
787 3562 947 3624 Romanus
980 3563 1101 3646 sylvam
1132 3587 1196 3626 non
1229 3565 1285 3626 ba-

188 3646 281 3722 beat,
311 3642 477 3706 incidendi
503 3642 592 3724 ligna
615 3642 655 3701 ad
686 3663 761 3704 usus
790 3665 863 3704 snos
888 3645 928 3705 dc
958 3644 1126 3707 iacentivis
1158 3659 1191 3710 et
1217 3649 1284 3710 sine

188 3731 298 3790 fructu
319 3725 483 3788 arboribus
506 3724 538 3782 in
567 3723 740 3786 cuiuslibet
758 3726 846 3808 sylva
866 3725 981 3788 habeat
1000 3727 1134 3789 liberem
1153 3739 1286 3815 potesta·

188 3820 286 3873 tatem
309 3830 415 3891 neque
435 3807 473 3866 ab
499 3805 555 3866 illo
570 3805 662 3867 cuius
677 3807 765 3889 sylva
783 3818 830 3869 est
850 3809 1036 3892 repellatur.

259 3981 348 4050 d)ll.
374 3997 423 4034 ms.
448 3978 525 4032 nullo
549 3976 676 4047 impedito
693 3978 822 4034 subiecto.
857 3979 901 4035 AI.
921 3981 1025 4035 nullum
1047 3984 1201 4055 impeditum
1226 3987 1287 4038 sub*

187 4055 293 4108 iactum.
365 4058 395 4118 e)
413 4049 453 4100 al.
479 4064 538 4100 mss.
567 4049 770 4104 tramitoribus.
836 4051 873 4122 s)
889 4052 933 4109 tl.
954 4066 1080 4123 putatur.
1149 4053 1180 4125 g)
1204 4057 1286 4107 Deest

185 4124 269 4184 iu-al.
287 4138 335 4172 ms.
404 4119 436 4192 b)
453 4118 496 4176 dl.
514 4115 616 4172 solidos
633 4118 764 4188 cingulos.
835 4121 858 4192 i)
871 4121 913 4178 al.
931 4140 991 4178 turs.
1016 4123 1180 4196 adparatum
1196 4123 1287 4180 aratri

187 4191 262 4263 regie
281 4187 400 4246 trudere.
