2900 5020
202 257 275 336 tto
426 273 535 330 sams
557 272 845 351 auacurmouuu
869 274 934 337 nr,
954 273 1050 330 xxm.

201 416 291 500 quod
323 414 364 478 ad
397 413 546 476 faciendo
586 434 684 497 opera
709 435 727 473 a
751 433 947 495 quocunque
976 414 1133 496 suscepit,
1170 411 1313 478 fortasse

199 501 369 576 everterit,
391 497 540 558 dominus
562 497 632 558 eius
647 506 703 558 aut
724 517 781 577 pro
799 496 912 557 eodem
928 495 1118 575 satisfaciat,
1143 507 1198 558 aut
1217 496 1312 562 servi

199 583 300 666 ipsius
323 582 350 644 si
376 580 526 642 maluerit
546 579 643 642 faciat
665 578 854 640 cessionem.

198 789 294 862 Tru·
325 789 452 860 XXII.
508 787 569 858 De
605 788 827 860 removendo
866 788 905 856 in
935 787 1088 881 negotiis
1115 791 1309 864 Romano-

445 912 528 960 rum
562 887 762 982 patrocinio
799 887 1062 960 Barbarornm.

277 1049 475 1134 Quicunque
504 1050 665 1112 Romanus
700 1071 842 1111 caussam
865 1071 973 1128 suam,
1010 1071 1107 1131 quam
1134 1073 1208 1114 cnm
1240 1053 1309 1116 alio

193 1135 337 1196 Romano
359 1133 475 1213 hahet,
508 1131 734 1216 Burgundioni
760 1131 917 1214 agendam
946 1132 1134 1212 tradiderit,
1164 1156 1308 1198 caussam

194 1215 323 1299 perdat:
346 1226 378 1280 et
399 1216 426 1280 Is
449 1215 507 1300 qui
528 1214 687 1300 suscepit,
708 1213 827 1276 inierat
845 1215 984 1277 mulctae
1006 1217 1139 1280 nomine
1158 1219 1215 1284 sol.
1232 1221 1309 1282 XII.

249 1424 339 1494 Ttr.
367 1421 511 1495 XXIII.
561 1425 620 1496 Do
646 1424 809 1512 damnis,
845 1447 935 1519 quae
967 1427 1014 1496 ab
1043 1425 1255 1498 animalibus

642 1523 862 1594 inferuntur.

226 1709 229 1716 ·
284 1679 311 1738 Ι.
353 1674 549 1760 Quicunque
578 1675 696 1737 animal
726 1675 766 1738 de
794 1697 895 1738 messe
923 1676 974 1740 vel
996 1675 1036 1738 de
1061 1675 1206 1759 quolibet
1222 1679 1307 1740 dam·

202 1780 245 1820 no
267 1758 452 1837 incluserit,
494 1767 526 1820 et
551 1769 625 1820 ante
654 1757 908 1820 aestimationem
942 1759 1049 1820 damni
1073 1762 1307 1844 praesumptio-

203 1863 245 1902 ne
265 1851 297 1903 et
326 1840 457 1902 arbitrio
477 1863 534 1903 suo
568 1841 615 1917 is,
648 1843 740 1903 cuius
764 1841 963 1920 animalcst,
990 1843 1030 1902 de
1052 1851 1142 1904 curte
1167 1844 1307 1924 pervim

201 1923 332 2002 tulerit,
361 1923 479 1986 inferat
494 1924 544 1984 illi
565 1925 618 1984 cui
631 1922 698 1986 vim
713 1923 878 2002 intulerit,
900 1925 957 1984 sol.
978 1923 1035 1986 VI.
1050 1932 1082 1984 et
1098 1925 1237 1986 mulctae
1250 1947 1307 1987 no·

202 2007 289 2068 mine
307 2005 367 2071 sol.
383 2007 439 2070 VI.
455 2006 561 2068 damni
578 2006 795 2068 aestimatione
805 2016 918 2071 taxata.
940 2004 973 2065 Si
992 2028 1100 2067 servus
1112 2006 1174 2066 hoc
1191 2009 1306 2069 fecerit

199 2099 329 2151 centum
353 2089 485 2150 fustIum
509 2089 592 2152 ictus
620 2088 771 2172 accipiat,
805 2089 913 2150 damni
942 2088 1091 2150 slmiliter
1116 2089 1306 2151 aestimatio-

203 2193 244 2234 ne
268 2181 382 2231 taxata.

279 2253 322 2317 11.
363 2253 397 2313 Si
414 2251 582 2337 quodlibet
597 2252 733 2332 animal,
755 2251 832 2313 dum
853 2251 892 2314 de
913 2275 1032 2332 messe,
1065 2263 1120 2314 aut
1149 2253 1190 2315 de
1211 2263 1303 2336 prato

197 2343 252 2396 aut
276 2336 315 2397 de
342 2334 454 2413 vinea,
486 2345 541 2395 aut
569 2335 609 2395 de
637 2357 711 2395 area
740 2335 916 2395 annonaria
946 2336 1138 2420 expellitur,
1168 2337 1303 2422 impala-

197 2418 298 2495 verit,
325 2417 409 2478 nihil
438 2420 537 2480 abeo
562 2415 620 2500 qui
648 2418 772 2500 expulit
798 2417 989 2499 requiratur.
1313 2486 1315 2491 Ι

280 2501 338 2563 111.
379 2502 475 2580 Quod
497 2499 524 2562 si
546 2498 712 2578 animalia,
745 2499 822 2562 dum
849 2501 889 2561 de
919 2501 1034 2562 damno
1060 2501 1101 2563 ad
1123 2501 1302 2562 clausuram

198 2583 382 2661 minantur,
419 2584 458 2644 de
486 2602 597 2662 eampo
621 2591 675 2642 aut
709 2583 749 2644 de
787 2603 982 2664 quocunque
1011 2584 1084 2645 loco
1119 2584 1176 2646 ille
1210 2584 1302 2644 cuius

192 2674 269 2728 snut
293 2666 411 2727 tollere
445 2665 710 2748 praesumpserit,
755 2663 898 2746 singulos
920 2665 1079 2728 tremisses
1108 2688 1168 2750 per
1196 2667 1303 2748 singu-

187 2749 229 2811 “ln
260 2748 413 2809 animalia
441 2749 561 2809 solvat:
583 2756 617 2808 et
635 2748 773 2807 mulctae
802 2747 932 2807 nornine
957 2750 1015 2810 sol.
1049 2748 1109 2815 III.

278 2831 333 2898 lv.
376 2831 410 2891 si
440 2830 660 2910 cuiuscunque
684 2828 775 2911 porci
800 2829 950 2888 damnum
974 2827 1095 2891 faciunt
1120 2831 1153 2890 iu
1184 2828 1301 2907 vineis,

194 2913 309 3000 pratis,
343 2912 449 2986 autin
469 2911 622 2972 messibus
641 2912 753 2987 cultis,
785 2919 817 2972 et
844 2910 933 2973 silvis
964 2913 1172 2993 glandiferis,
1198 2911 1302 2973 etad-

195 2997 335 3060 monitus
360 3016 531 3080 porcorum
555 2993 701 3054 dominns
721 2993 770 3053 his
792 2992 910 3070 suerit,
944 3003 981 3054 ut
1008 3017 1121 3075 porcos
1147 3016 1220 3056 suos
1241 3014 1301 3055 cu-

195 3079 312 3143 stodiat
346 3089 378 3140 et
404 3076 566 3150 uoluerit,
593 3076 620 3136 is
654 3075 707 3136 cui
734 3075 884 3136 damnum
924 3075 1087 3156 inferunt,
1129 3075 1302 3138 occidendi

192 3163 237 3224 de
267 3182 362 3243 grege
398 3179 570 3243 porcorum,
609 3159 764 3240 optimum
799 3157 933 3219 liberum
953 3159 1069 3220 habeat
1091 3161 1301 3238 facultatem,

197 3242 263 3306 suis
287 3244 397 3304 usibus
429 3239 669 3306 vindicandum,

278 3323 319 3386 V.
361 3323 458 3402 Quod
479 3324 505 3384 si
527 3330 719 3383 contestatus
744 3344 809 3382 nou
831 3321 949 3400 fuerit,
988 3333 1019 3384 et
1044 3345 1177 3405 porcum
1213 3323 1302 3384 occi-

112 3459 114 3466 ,
198 3406 298 3484 derit,
319 3406 458 3468 solidum
476 3425 535 3487 pro
563 3425 661 3484 porco
693 3406 812 3484 solvat,
848 3404 892 3464 ita
918 3415 954 3466 ut
981 3407 1068 3488 quod
1091 3405 1180 3490 porci
1206 3427 1301 3469 erer-

197 3500 231 3554 et
252 3489 371 3568 terint,
404 3495 624 3570 componatur.

200 3677 291 3748 ΤΙΤ.
317 3673 462 3750 XXIV.
511 3673 569 3742 De
588 3671 802 3742 mulieribus
824 3672 1045 3764 Burgundiis
1064 3669 1111 3740 ad
1127 3670 1296 3740 secundas

193 3767 196 3772 ¹
407 3775 467 3848 vel
491 3773 617 3842 tertias
643 3773 784 3864 nuptias
810 3772 1090 3841 transeuntibus.

207 4023 228 4032 „
280 3959 307 4028 I.
349 3959 467 4042 Siqua
487 3955 606 4025 mulier
626 3955 781 4017 duntaxat
800 3955 985 4038 Burgundia
1005 3963 1075 4038 post
1093 3953 1200 4016 mariti
1216 3975 1300 4014 mor-

178 4039 263 4108 .tem
282 4044 323 4104 ad
344 4041 497 4104 secundas
518 4049 571 4099 aut
590 4037 698 4099 tertias
727 4038 872 4118 nuptias,
902 4047 938 4098 ut
961 4038 1083 4100 adsolet
1104 4037 1191 4114 lieri,
1230 4039 1300 4096 for·

187 4133 281 4193 ‘tasse
317 4122 494 4200 transierit,
534 4132 565 4182 et
604 4120 688 4182 filios
715 4120 885 4196 habuerit,
931 4142 972 4182 ex
1007 4121 1094 4181 omui
1127 4119 1299 4201 coniugio,

200 4209 405 4273 donationem
419 4205 594 4290 nuptialem
610 4206 687 4266 dum
707 4202 827 4266 advivit
848 4203 1015 4266 usufructu
1031 4203 1208 4288 possideat:
1227 4210 1302 4286 post
