2876 4992
476 267 632 320 roesam
650 264 902 320 cresciturum
986 331 988 337 i
1169 251 1249 327 :135

140 403 304 488 accipian·
322 404 349 466 si
371 426 447 468 vero
476 403 584 480 studio
609 425 677 466 non
709 403 836 466 faciunt
867 402 927 469 sol.
958 404 1025 470 DC.
1057 405 1248 476 interfectae

138 489 248 551 ficerat
290 497 325 548 et
362 488 407 549 sic
445 509 483 548 ea
517 486 685 569 acciperat
711 485 796 566 culp.
820 485 888 546 ind.

139 581 254 644 (nans.
275 569 404 654 reipus)
430 578 503 632 sunt
533 568 677 631 dinarius
753 568 788 628 Si
814 587 892 630 vero
918 587 1035 650 corpus
1064 570 1162 634 occisi
1187 571 1251 636 ho-

137 655 178 716 D.
190 653 381 717 faciuntsot.
394 653 497 717 LXll.
514 653 599 733 culp.
610 651 677 717 iud.
711 648 807 710 minis
825 658 889 710 tres
903 649 956 711 vel
979 651 1114 734 amplius
1126 652 1251 718 habue-

139 733 201 794 Cui
213 735 304 814 reipe
325 734 492 810 debentur,
513 734 609 795 dehet
625 755 678 795 ex·
712 734 757 792 rit
778 731 888 813 plapas
913 740 978 793 tres
999 735 1117 815 quibus
1142 735 1252 799 incul-

138 816 274 880 solvere.
316 816 350 875 Si
371 837 458 892 vero,
474 816 563 897 quod
580 837 676 898 supe·
711 822 806 895 patur
831 811 888 894 qui
914 812 949 871 in
973 834 1011 876 eo
1036 817 1252 881 contubernio

136 897 206 962 rius
218 897 369 975 diximus,
381 898 488 960 omnia
501 898 680 959 secundum
710 895 848 956 fuissent
866 915 899 956 se
919 899 1136 980 conprobatur
1146 900 1252 984 legem

137 979 244 1062 legem
270 980 451 1062 impleverit
466 984 530 1042 ΙΙΙ.
548 979 605 1041 sol.
626 978 679 1041 oui
711 976 859 1060 superius
900 979 1155 1060 conprehensam
1195 1004 1253 1046 co-

136 1063 228 1142 reipe
245 1061 415 1139 debentur,
433 1062 502 1122 sine
523 1083 680 1142 possesso·
710 1068 829 1142 gantur
865 1059 1051 1134 exsolvere;
1084 1063 1141 1124 alii
1170 1087 1250 1127 vero

137 1143 184 1210 ris
211 1142 296 1204 filins
319 1144 435 1221 fuerit,
462 1145 615 1227 occipiat:
650 1144 678 1205 si
711 1152 777 1204 tres
799 1140 839 1202 de
858 1161 895 1202 eo
915 1143 1130 1209 coutubernio
1145 1145 1250 1222 IIDC.

136 1246 218 1289 uero
229 1247 330 1308 nepus
346 1247 411 1286 non
433 1226 550 1303 fuerit,
574 1226 678 1309 neptis
712 1224 786 1288 den.
803 1222 860 1304 qui
878 1222 1005 1285 faciunt
1017 1225 1075 1286 sol.
1092 1226 1163 1290 XC.
1176 1251 1267 1290 con··

137 1308 226 1368 filius
243 1309 351 1369 senior
366 1309 392 1368 si
409 1309 525 1386 fuerit,
546 1309 602 1369 itte
624 1330 678 1370 eos
711 1312 809 1388 ponat
827 1314 859 1366 et
877 1313 942 1368 ires
964 1306 1069 1369 adhuc
1094 1309 1129 1369 in
1145 1311 1265 1374 tercio·

138 1389 283 1470 accipiat.
325 1391 360 1450 Si
377 1412 480 1473 nepus
492 1412 558 1450 non
579 1391 679 1452 fuerit
710 1391 784 1451 loco
831 1388 871 1450 de
919 1387 989 1471 ipso
1036 1394 1250 1455 contubernio

138 1471 245 1552 neptis
257 1471 361 1550 filins,
382 1471 408 1532 si
426 1471 623 1533 consubrino
640 1473 679 1532 fi·
711 1466 854 1532 IDCCC.
873 1468 946 1530 den.
967 1471 1025 1554 qni
1048 1473 1173 1535 iaciunt
1191 1477 1253 1548 soli

136 1553 204 1614 lius
229 1553 347 1634 quiex
371 1565 532 1616 maternae
561 1575 678 1636 genere
711 1553 809 1615 XLV.
827 1551 962 1619 solvant.
1359 1556 1362 1563 '

136 1636 258 1712 fuerit,
284 1635 351 1718 ipsc
383 1657 436 1698 eos
467 1636 617 1718 accipiat;
651 1635 677 1698 si
752 1637 800 1694 De
815 1636 957 1696 Romano
973 1657 1051 1698 vero
1069 1638 1183 1701 vellito
1197 1663 1251 1703 oc·

137 1738 201 1777 nec
229 1717 415 1778 consubrini
447 1719 531 1780 filins
561 1717 677 1795 fuerit,
711 1715 799 1777 cissis
820 1716 877 1796 qui
896 1715 930 1775 in
946 1718 1008 1779 tale
1032 1722 1250 1786 contubernio

135 1809 219 1858 tuuc
241 1801 339 1860 frater
362 1801 470 1864 matris
489 1802 600 1882 reipns
622 1822 677 1860 uc·
711 1797 874 1859 interfecti
893 1800 1016 1860 fuerint
1038 1800 1118 1865 haec
1135 1804 1190 1868 lex
1205 1827 1247 1869 ex

137 1881 256 1962 cipiat;
279 1881 306 1960 si
324 1903 383 1942 nec
410 1884 588 1945 auunculus
604 1884 677 1942 fue·
710 1880 881 1941 medietate
897 1877 1076 1950 solvuntur.

136 1963 192 2039 rit,
207 1974 285 2024 tuno
300 1955 487 2045 f1·ater‚]qui
506 1988 542 2025 ea
559 1965 677 2024 mulie-

135 2067 207 2106 rem
223 2056 295 2106 ante
312 2047 412 2122 abuit,
428 2048 454 2108 si
470 2048 503 2106 in
518 2046 675 2108 heredita·
709 2044 832 2115 LXX.
883 2046 941 2118 De
971 2049 1175 2122 homicidiis
1206 2055 1246 2124 in

136 2137 204 2188 tem
214 2151 278 2188 non
287 2139 442 2190 venturus
461 2138 517 2208 est,
534 2129 601 2212 ipse
614 2127 677 2188 rei·
826 2148 993 2220 convivio
1014 2149 1131 2224 factis·

134 2231 198 2290 pus
220 2210 367 2291 accipiat;
397 2211 503 2272 since
525 2211 593 2293 ipse
610 2211 675 2270 fra-

132 2300 187 2385 ter
202 2291 311 2368 fuerit,
334 2293 390 2374 qui
410 2295 588 2388 proximior
602 2294 676 2351 fue·
749 2307 783 2368 si
805 2309 877 2390 quis
892 2310 925 2370 in
942 2313 1093 2376 convivio
1108 2315 1164 2376 ubi
1180 2317 1244 2378 duo

133 2383 180 2432 Γῆ
200 2385 457 2454 “xtra‘supffius
478 2385 671 2451 ¹¹⁰ffl¹¹¹³i¹¹b
707 2391 849 2454 veltres
881 2402 935 2453 aut
961 2397 1096 2479 amplius
1122 2399 1246 2460 fuerint

133 2455 193 2534 qui
211 2455 397 2550 ξῖὓὸῡιθῖῑῐῐξ
418 2458 597 2518 Secundum
617 2477 675 2538 Pa·
707 2483 739 2533 et
756 2494 839 2550 unus
864 2495 903 2534 ex
926 2477 1001 2558 ipsis
1026 2480 1125 2539 fuerit
1148 2481 1245 2540 inter-

130 2538 299 2596 rentdlum
322 2539 400 2613 dieti
420 2548 495 2633 sunt
516 2537 674 2630 usquead
705 2557 807 2614 fectus
829 2563 936 2625 (Min.
969 2561 1143 2620 scopanda-3
1169 2565 1245 2621 cha,

131 2619 392 2714 V1·50¹{¹¹⁰‚⁰¹⁰2
426 2620 460 2714 ⁵5,
480 2643 518 2715 '¹¹¹
544 2619 675 2714 her⁰d¹j
708 2635 862 2713 dioihoc
877 2647 923 2697 est
937 2640 985 2699 itti
1000 2642 1056 2719 qui
1072 2652 1245 2702 remanent

132 2709 231 2760 tatem
268 2701 356 2762 illins
382 2711 488 2760 meriti
529 2703 674 2764 defuncti
706 2729 844 2778 auium,
869 2719 944 2780 dare
969 2721 1087 2782 debent
1106 2735 1160 2784 aut
1182 2725 1242 2784 toti

129 2783 322 2860 accederit,
362 2784 429 2866 ipse
455 2784 562 2866 reipus
590 2783 672 2843 ecci·
705 2811 1052 2884 mortemconponani,

128 2865 208 2945 piat.
249 2867 329 2924 Nam
347 2867 373 2925 si
390 2874 495 2947 potest
509 2877 598 2927 sexto
615 2886 673 2948 ge-

129 2947 256 3005 nuculo
270 2947 296 3006 si
319 2969 382 3006 non
407 2949 532 3008 fuerint
546 2948 578 3006 in
597 2948 673 3008 fisco

128 3029 222 3108 rcipe
246 3027 312 3108 ipse
328 3030 379 3089 vel
397 3051 501 3106 causo,
517 3052 580 3111 qne
596 3029 672 3090 iude

129 3120 203 3170 orta
218 3110 328 3188 fuerit,
349 3111 529 3193 colligatur.

746 2916 811 2992 Qui
834 2916 887 2976 lex
918 2938 1018 2999 usque
1049 2918 1088 2979 ad
1117 2929 1240 2999 septem

703 2997 827 3058 suerint
863 2999 896 3057 in
937 3000 1087 3064 convivio
1127 3003 1239 3064 obser-

704 3089 829 3141 vantur.

745 3161 778 3220 si
792 3183 867 3223 vero
880 3162 912 3222 in
933 3165 1081 3229 convivio
1093 3165 1151 3227 illo
1164 3166 1238 3248 plus

157 3247 160 3252 '
414 3279 421 3294 .
532 3281 539 3294 .
727 3264 798 3302 unm
835 3267 867 3304 se
892 3255 954 3306 tem
1000 3249 1123 3308 fuerint
1171 3251 1236 3309 non

165 3275 269 3344 XLI·
295 3277 331 3345 D
334 3300 353 3344 θ
370 3277 622 3368 MigrantthS.
702 3263 812 3384 dames
829 3269 998 3388 terieantnr
1015 3331 1179 3397 obnoxios.
1201 3332 1236 3392 Si

702 3406 765 3465 duo
783 3407 915 3469 fuerunt
930 3412 980 3472 itti
994 3415 1173 3474 secundum
1192 3415 1236 3474 le-

174 3438 209 3498 si
224 3439 297 3520 quis
311 3437 407 3498 homo
421 3461 517 3521 super
534 3441 669 3501 alterum

701 3507 772 3569 gem
792 3504 960 3572 conponat.

127 3523 163 3582 in
196 3523 274 3580 villa
302 3521 437 3602 migrare
469 3523 610 3582 voluerit
638 3531 669 3584 et
1267 3599 1269 3602 v

127 3623 234 3663 unum
244 3603 297 3663 vel
317 3603 433 3684 uliquis
450 3604 577 3685 deipsis
590 3615 669 3666 tunc
741 3603 774 3663 Si
795 3604 865 3685 quis
884 3627 961 3665 vero
982 3605 1061 3668 foris
1090 3631 1160 3672 casa
1181 3612 1231 3674 vel

127 3707 205 3744 euru
220 3683 383 3766 suscipere
397 3686 547 3762 voluerit,
568 3685 595 3746 si
614 3688 667 3748 vel
699 3683 762 3746 iter
775 3707 870 3768 agens
888 3688 955 3748 sive
976 3686 1009 3746 in
1029 3710 1105 3768 agro
1125 3714 1142 3750 a
1159 3715 1234 3754 con·

126 3789 214 3828 unns
225 3767 385 3842 exteterit,
395 3767 450 3847 qui
459 3768 666 3844 contradicat,
697 3767 848 3834 tubernio
869 3765 965 3830 fuerit
986 3769 1176 3834 interfectus
1203 3784 1235 3834 et

125 3849 280 3930 migranti
324 3848 443 3908 ibidem
486 3849 668 3911 licieneiam
699 3858 762 3908 tres
782 3849 1149 3932 velampliushabuerit
1166 3855 1234 3936 pla·

126 3952 195 3990 non
215 3929 320 3990 abuit:
342 3931 369 3990 si
389 3951 465 3990 uero
484 3933 666 3993 contradic·
698 3952 750 4012 gas
772 3939 879 4006 (usum
899 3931 1079 4010 droelidio)
1106 3933 1169 3995 hoc
1188 3946 1236 3998 est

124 4021 196 4072 tum
208 4013 309 4073 unius
326 4013 378 4074 vel
391 4013 527 4074 duorum
539 4015 571 4074 in
587 4013 665 4074 villa
697 4022 733 4072 ut
744 4021 807 4073 tres
828 4013 866 4074 de
889 4035 927 4074 eo
948 4016 1162 4076 contubernio
1178 4017 1234 4078 be·

124 4093 194 4174 ipsa
221 4095 381 4155 adsentire
408 4095 563 4173 voluerit,
586 4105 664 4158 tunc
697 4094 752 4155 nio
773 4094 831 4175 qui
851 4096 1016 4178 adprobati
1039 4099 1162 4160 fuerint
1185 4099 1230 4163 si·
1259 4173 1262 4182 ,

124 4176 185 4236 itte
197 4185 312 4240 testare
332 4177 461 4254 debent,
484 4187 517 4238 et
529 4179 556 4241 si
572 4179 665 4239 nolo·
696 4177 760 4261 gul.
792 4186 926 4262 mortem
967 4179 1055 4243 illins
1096 4201 1224 4268 conpon
