2900 5020
215 311 370 387 mo.
536 297 1058 365 mmmmmmmmn
1168 301 1170 305 ’

170 531 172 536 .
217 481 314 538 testes
332 467 480 570 quolibet
503 467 633 530 nomine
656 466 833 550 deterreat,
867 483 922 534 aut
946 475 1165 538 contradictor
1187 475 1333 539 existat:

218 579 311 633 cnm,
332 579 359 618 sa
381 552 460 635 quid
480 549 613 612 actionis
639 553 754 632 fuerit,
778 576 847 616 eam
865 556 989 640 legibus
1004 559 1156 622 adversus
1170 558 1334 620 heredem

218 639 323 726 possit
342 654 504 699 exercere.
717 711 721 718 ,

301 717 443 784 XXXII.
485 714 641 794 Barbarie,
662 739 743 798 qnos
759 730 884 781 certam
896 722 1158 804 estReipublicae
1173 724 1329 800 militare,

219 803 380 886 quomodo
404 798 570 861 voluerint
596 809 628 858 et
646 803 831 882 potuerint,
861 805 1001 865 faciendi
1026 807 1134 866 damus
1158 806 1330 867 licentiam

219 881 417 959 testamenti,
439 881 505 942 sive
523 881 627 957 domi,
649 883 715 944 sive
734 884 768 944 iu
790 886 901 948 castris
915 887 1038 947 fuerint
1054 889 1230 962 constituti.

301 965 449 1030 XXXIII.
491 962 523 1024 Is
545 965 603 1045 qui
625 964 664 1023 ab
691 965 839 1028 intestato
866 969 1014 1029 defuncti
1037 980 1142 1052 sperat
1159 970 1328 1032 heredita·
1432 963 1433 1034 J

220 1060 304 1131 tem,
338 1048 365 1112 si
383 1046 544 1109 volentem
564 1055 747 1107 testatorem
768 1050 938 1132 prohibeat
962 1053 1070 1114 facere
1089 1062 1327 1129 testamentum,

221 1143 374 1217 tanquam
392 1127 587 1208 abindigno
604 1129 672 1189 eius
694 1131 854 1193 hereditas
873 1135 1045 1194 auferetur.

303 1208 463 1276 XXXIV.
504 1211 604 1271 Nemo
619 1219 674 1271 aut
692 1214 869 1292 Romanus,
892 1225 946 1280 ant
960 1217 1131 1295 Barbarus,
1154 1238 1222 1278 rem
1237 1226 1329 1298 petat

221 1297 374 1360 alienam:
395 1314 490 1374 quam
503 1292 529 1352 si
543 1313 601 1372 per
613 1294 853 1378 subreptionem
865 1299 1095 1379 impetraverit,
1116 1321 1181 1360 nou
1193 1299 1326 1377 valebit,

218 1389 252 1444 et
268 1401 337 1440 eam
355 1399 388 1438 se
408 1398 474 1436 non
496 1375 622 1437 dubitet
644 1398 718 1438 eum
734 1379 891 1441 fructibus
905 1381 1117 1444 redditurum.
1161 1382 1254 1442 Salvo
1271 1402 1325 1460 eo,

219 1461 307 1546 qnod
326 1480 422 1538 super
442 1458 502 1519 hae
522 1466 612 1538 parte
634 1461 799 1554 superiora
821 1472 926 1522 nostra
943 1463 1047 1522 edicta
1069 1464 1118 1524 ins
1134 1465 1291 1528 sanciunt.

302 1531 1328 1626 xmunmmmmnmmmmfflman

219 1626 267 1690 sic
290 1622 467 1686 necessarie
485 1623 608 1702 faciat,
631 1624 755 1687 delator
773 1627 897 1704 existit,
931 1648 1028 1707 quem
1046 1636 1152 1687 tamea
1172 1650 1230 1688 nos
1250 1650 1326 1689 exe-

220 1709 303 1772 crari
334 1705 466 1768 omnino
485 1705 692 1786 profitemur,
721 1709 865 1789 quamvis
882 1708 934 1769 vel
959 1731 1036 1770 vera
1064 1710 1174 1770 dicens
1200 1710 1326 1793 legibus

220 1789 430 1876 prohibeatur
450 1787 573 1849 audiri:
602 1797 709 1849 tamen
727 1790 752 1850 si
771 1811 825 1867 ea,
848 1812 930 1874 qnae
946 1792 987 1851 ad
1006 1812 1098 1852 aures
1111 1792 1253 1874 publicas
1270 1793 1328 1852 de-

219 1873 342 1950 tulerit,
359 1871 445 1930 inter
460 1877 529 1930 acta
543 1871 734 1932 constitutus
748 1893 813 1931 non
826 1873 969 1956 potuerit
982 1872 1168 1956 adprobare,
1190 1874 1326 1937 flammis

222 1953 320 2018 debet
335 1951 468 2013 absumi.
655 1959 661 1966 “

303 2032 442 2098 XXXVI.
484 2031 517 2093 Si
538 2031 610 2113 quis
633 2034 673 2094 ad
692 2035 819 2117 nuptias
834 2058 899 2097 non
921 2035 1079 2118 legitimas
1102 2037 1324 2119 adspiraverit,

222 2118 332 2202 legum
351 2135 516 2178 censuram
534 2116 660 2197 penitus
681 2140 745 2178 non
766 2119 895 2179 evadat:
922 2120 979 2199 qui
999 2140 1060 2180 nec
1076 2119 1196 2181 iustum
1218 2121 1326 2182 matri-

223 2201 388 2276 monium,
411 2219 470 2258 nec
489 2196 570 2257 filios
589 2199 668 2258 sciat
685 2221 718 2260 se
735 2201 851 2261 habere
873 2201 1044 2282 legitimos.

304 2279 480 2344 XXXVII.
523 2279 614 2340 Intra
633 2303 754 2342 annam
774 2283 884 2344 mortis
906 2283 1014 2342 mariti
1036 2282 1126 2343 nulla
1148 2282 1188 2343 ad
1205 2303 1324 2343 secun-

222 2365 277 2428 das
291 2364 419 2446 nuptias
434 2361 563 2443 migret:
587 2361 643 2424 sed
658 2385 719 2426 nec
732 2365 844 2424 furtim
863 2386 896 2426 se
911 2366 1041 2426 misceat
1055 2366 1123 2442 illi,
1146 2365 1235 2426 cuins
1251 2377 1325 2445 post

223 2469 344 2508 annum
367 2446 529 2506 erit'uxor
546 2445 671 2517 futura;
706 2447 782 2528 quia
799 2447 884 2528 leges
909 2448 1038 2509 videtur
1059 2447 1320 2508 circumscribere

222 2529 374 2600 voluisse.
417 2525 542 2587 Idcirco
556 2536 723 2610 utramque
739 2550 906 2611 personam
923 2530 1026 2611 stupri
1047 2551 1132 2591 ream
1151 2549 1216 2590 esse
1230 2549 1322 2608 prae.

222 2613 367 2696 cipimus.
400 2611 504 2687 Quam
520 2611 687 2690 querelam
709 2613 818 2673 damus
835 2621 959 2671 tantum
980 2612 1054 2672 filiis
1074 2621 1106 2672 et
1119 2609 1314 2692 propinquis,

221 2704 258 2757 ut
273 2693 362 2778 quod
380 2692 412 2750 in
429 2691 546 2752 talibus
564 2693 680 2754 caussis
701 2693 825 2776 legibus
847 2695 1016 2776 competit,
1039 2701 1256 2773 exsequantur.

304 2773 488 2838 XXXVIII.
530 2772 678 2834 Adulteri
696 2779 747 2839 vel
764 2776 927 2837 adulterae
938 2776 1021 2835 intra
1046 2773 1316 2850 iudiciaconvictI,

223 2860 387 2921 interitum
401 2878 464 2916 nou
481 2856 632 2915 evadant:
655 2857 808 2918 ministris
828 2857 970 2920 eiusdem
988 2858 1154 2936 criminis,
1176 2866 1230 2916 aut
1244 2877 1318 2916 con·

222 2943 296 3005 sciis
305 2939 459 3084 3&rariter
478 2937 663 3019 punIendis.
896 2980 899 2985 -

375 3003 390 3016 q

373 3021 465 3082 XIX.
507 3019 590 3097 Qui,
612 3031 649 3080 ut
665 3020 857 3082 adulterium
877 3021 980 3100 lieret,
1001 3021 1129 3082 domum
1148 3021 1200 3082 vel
1219 3041 1324 3080 casam

223 3105 386 3191 praebuit;
418 3104 517 3184 quive
542 3102 689 3181 mulierI,
724 3114 759 3164 nt
783 3099 942 3167 ailultcrio
966 3105 1180 3181 consentIret,
1211 3101 1323 3180 suasit,
1434 3115 1435 3120 ’

224 3190 328 3273 capite
348 3187 511 3270 puniatur.

306 3269 376 3332 XI..
418 3269 484 3345 Qui
506 3267 622 3327 falsum
642 3267 789 3330 nesciens
811 3269 981 3352 allegavit,
1014 3266 1054 3328 ad
1081 3265 1155 3326 falsi
1184 3285 1325 3347 poenam

224 3351 357 3415 minime
375 3360 533 3412 teneatur.

305 3433 390 3499 XLI.
431 3435 496 3511 Qui
518 3433 632 3492 falsum
656 3432 787 3511 fecerit,
814 3433 869 3495 vel
887 3433 991 3494 sciens
1012 3431 1093 3492 falso
1119 3451 1193 3491 usus
1212 3429 1323 3505 fuerit,

225 3526 281 3580 aut
302 3519 437 3578 alteram
466 3517 572 3576 facere
600 3515 755 3592 suaserit,
786 3524 842 3574 aut
868 3515 1028 3597 coegerit,
1062 3512 1191 3597 capitali
1218 3532 1325 3596 poena

222 3602 368 3665 feriatur.
687 3619 690 3622 ·

306 3679 399 3744 XLII.
443 3678 507 3757 Qui
520 3679 644 3740 varium
655 3687 723 3753 sc),
745 3688 800 3738 aut
812 3675 926 3741 falsum
939 3675 1158 3738 testimonium
1170 3676 1326 3753 dixerint,

222 3774 279 3828 ant
298 3764 466 3842 utriusque
481 3767 522 3840 y)
543 3764 624 3844 parti
645 3762 862 3844 prodiderint,
884 3758 1071 3822 inexilium
1093 3759 1282 3835 dirigantur.

211 3917 214 3924 ¹
303 3846 424 3908 XLIII.
464 3845 581 3905 Nullus
610 3845 648 3904 ad
681 3853 844 3924 potentem
868 3845 1046 3904 Romanum
1074 3850 1129 3899 aut
1154 3841 1329 3900 Barbarum

221 3929 367 4014 proprias
388 3927 535 4008 quolibet
553 3927 647 3986 titulo
668 3927 838 3986 transferat
857 3926 1008 3988 actiones.
1049 3923 1147 3999 Quod
1159 3923 1185 3983 si
1200 3923 1327 3997 fecerit,

224 4015 381 4076 iacturam
403 4010 467 4070 litis
492 4010 634 4092 iurgator
657 4009 821 4086 incurrat,
851 4018 884 4070 et
902 4009 928 4070 is
953 4005 1010 4089 qni
1028 4005 1221 4088 susceperit,
1255 4026 1329 4067 me-

295 4291 327 4358 x)
345 4289 384 4344 lt.
404 4305 513 4355 varanna.
578 4282 612 4354 y)
632 4283 671 4340 ll.
690 4283 806 4352 utrique.
917 4307 919 4314 ν
