2876 4992
466 285 618 344 scenam
637 285 684 342 ET
701 284 889 342 serumst
1188 262 1237 345 w

167 423 218 494 26.
245 423 299 488 De
319 443 395 491 nave
408 427 470 570 Jui
483 427 550 488 sine
563 427 719 511 permissu
734 426 868 488 Domini
880 425 930 490 sui
944 441 1083 494 movunt.
1162 407 1227 458 ''¹¹²''

165 527 217 590 27·
241 509 296 570 De
318 529 391 572 asco
432 510 534 570 cintus
554 511 647 572 clavo
660 507 784 590 furato.
882 511 885 522 '
1123 507 1146 538 ”
1178 516 1181 524 ’
1217 513 1225 535 '

164 595 215 656 28.
242 593 296 666 De
307 589 403 674 furtu
425 594 458 652 in
482 591 600 653 molino
622 591 797 653 commisso.

164 693 215 757 29.
241 675 295 734 De
308 696 345 738 eo
359 678 413 760 qui
429 676 557 736 alterius
580 673 710 736 exclusa
732 675 858 760 rumpit.

162 755 213 820 5ο.
239 757 293 817 De
314 758 494 821 homicidiis
513 755 732 841 parvulorum.

162 833 213 903 31.
238 839 426 924 Defemina
441 853 608 926 postquam
631 837 769 919 infantes
793 837 908 900 babere
933 845 1072 924 eoeperit
1091 845 1218 911 oceidit.

162 919 214 982 32.
242 922 295 982 De
308 924 435 1007 semina
454 935 529 1006 post
555 920 661 982 media
683 933 763 984 etate
785 921 949 985 occiderit.

160 1001 212 1066 55.
240 1003 293 1064 De
314 1006 510 1089 negligentiis
524 1004 738 1090 parvulorum.

163 1086 216 1165 54.
242 1087 297 1149 De
312 1109 413 1174 puero
428 1097 613 1166 {tonsorata

162 1169 214 1233 55.
242 1172 296 1231 De
311 1171 479 1233 adulteriis
495 1168 691 1230 ancillarum.

162 1251 214 1319 56.
242 1253 296 1313 De
317 1253 440 1316 libertis
461 1251 601 1312 dimissis
621 1251 772 1332 ingenuis.

161 1338 214 1413 57.
245 1336 296 1398 De
304 1333 409 1417 fisrtis
426 1335 573 1396 diversis.

161 1418 214 1484 58.
242 1419 285 1480 Si
301 1420 372 1502 qais
387 1438 517 1480 messem
536 1415 670 1478 alienam
691 1415 825 1486 meterit.

161 1502 214 1582 59.
241 1503 368 1584 Siquis
387 1522 517 1564 messem
537 1497 578 1559 de
596 1519 706 1585 campo
724 1501 829 1565 alieno
840 1499 1010 1584 furaverit.

160 1585 213 1661 4ο.
239 1585 282 1646 Si
299 1586 369 1667 quis
389 1597 483 1670 prato
503 1583 606 1644 alieno
615 1578 782 1663 furaverit
796 1597 826 1645 et
845 1589 1009 1651 secaverit.

160 1670 213 1745 41.
241 1668 283 1728 Si
297 1667 367 1750 quis
383 1668 509 1729 vineam
523 1665 659 1726 alienam
675 1665 929 1733 vindemiaverit.

160 1751 213 1826 42.
241 1749 370 1832 Siquis
394 1752 429 1810 in
448 1761 519 1811 orto
541 1749 644 1810 alieno
667 1749 825 1828 ingressus
835 1749 953 1834 fuerit.

161 1831 213 1908 45.
240 1833 284 1893 Si
301 1834 371 1916 quis
385 1846 483 1895 retem
497 1829 537 1891 de
554 1849 637 1912 aqua
644 1828 817 1912 furaverit.

159 1915 210 1991 44.
238 1915 281 1975 Si
295 1917 365 1998 quis
385 1915 425 1976 de
444 1934 573 1976 screone
595 1913 650 1995 qui
668 1915 785 1975 clavem
805 1915 898 1978 habet
921 1915 1046 1999 aliquid
1056 1917 1236 2006 fisraverit.

158 1997 211 2074 45.
237 1998 282 2059 Si
299 2000 370 2081 quis
391 2018 500 2084 campo
522 1996 627 2060 alieno
645 1998 786 2060 araverit
803 2011 835 2062 et
852 2001 1024 2068 seminavit.
1148 2012 1150 2021 '

158 2079 209 2156 46.
235 2081 290 2141 De
307 2080 542 2146 elocationibns.

157 2163 209 2240 47.
238 2163 293 2223 De
309 2161 534 2228 debilitatibus.

157 2245 209 2320 48.
236 2247 292 2306 De
305 2248 464 2312 convitiis.

158 2326 210 2408 49.
237 2327 293 2387 De
315 2330 371 2390 via
394 2330 508 2391 lacina.

160 2410 214 2474 50.
240 2411 295 2470 De
315 2410 515 2491 ligaminibus
529 2407 742 2496 ingenuorum

160 2491 213 2555 51.
240 2493 296 2553 De
309 2495 540 2560 venationibus.

161 2573 211 2637 52.
238 2577 295 2636 De
315 2579 446 2662 sepibus.
1141 2625 1144 2633 .

159 2658 210 2723 65.
239 2659 293 2718 De
311 2661 434 2721 homine
454 2658 510 2742 qui
519 2679 580 2744 per
590 2655 725 2720 alienam
747 2681 877 2723 messem
898 2661 1017 2747 apicem
1034 2669 1181 2730 tranent.

162 2740 213 2817 54.
241 2741 368 2824 Siquis
387 2743 521 2803 alienam
541 2763 670 2804 messem
687 2746 944 2828 empalmitantem
963 2752 1135 2812 transierit.
1241 2819 1244 2825 .

162 2823 212 2888 55.
240 2822 283 2882 Si
298 2826 368 2906 quis
383 2843 445 2907 pro
465 2824 548 2885 malo
567 2827 692 2905 ingenio
711 2829 745 2887 in
772 2840 859 2889 curte
879 2841 933 2889 aut
956 2832 989 2892 in
1012 2855 1085 2896 casa
1108 2834 1142 2894 in
1158 2832 1233 2920 fur·

244 2917 314 2965 tum
337 2905 461 2990 aliquid
481 2907 610 2970 miserit.

161 2985 210 3054 56.
238 2988 291 3048 De
309 2988 491 3051 homicidiis
508 3007 685 3060 servorum,
705 2987 760 3050 vel
776 2989 1051 3072 expoliationibus.

160 3070 210 3150 57.
239 3070 282 3130 Si
304 3076 374 3153 quis
388 3091 509 3132 servum
527 3071 663 3129 alienum
685 3071 821 3139 batterit.

161 3149 212 3219 58.
241 3151 282 3212 Si
300 3156 370 3237 quis
388 3173 498 3214 servus
517 3153 674 3213 hominem
689 3155 825 3214 alienum
840 3155 1011 3224 occisserit.

162 3232 213 3316 59.
241 3233 283 3295 Si
297 3237 368 3319 quis
378 3236 470 3297 homo
486 3237 637 3314 ingenuus
651 3237 741 3296 litum
760 3236 897 3298 alienum
909 3241 1133 3322 expoliaverit.

160 3314 214 3384 60.
244 3319 296 3379 De
318 3315 534 3403 quadrupedis
548 3337 697 3400 pecorum
711 3319 740 3378 si
758 3319 914 3382 bominem
932 3326 1087 3389 occiserit.

161 3395 213 3466 61.
241 3401 293 3461 De
306 3401 440 3480 vestigio
460 3397 621 3460 minando.

160 3479 211 3542 62.
240 3481 402 3564 Defurtis
422 3482 625 3544 caballorum.

160 3561 212 3629 65.
240 3565 291 3624 De
307 3565 428 3626 caballo
442 3566 544 3624 alieno
567 3577 662 3626 extra
677 3561 835 3649 promisso
860 3567 998 3629 Domino
1020 3593 1076 3634 suo
1101 3599 1238 3641 ascenso·

247 3645 302 3707 vel
322 3658 497 3708 euoortato.

164 3727 216 3804 64.
244 3730 294 3789 De
310 3728 533 3812 plagatoribus.
604 3787 606 3794 ,

163 3810 214 3872 65.
242 3811 369 3894 Siquis
391 3831 497 3870 servus
515 3805 772 3891 alienusfnratus
785 3811 891 3896 fuerit
914 3815 1107 3884 vendiderit.

162 3891 213 3953 66.
240 3892 279 3953 Si
292 3894 362 3976 quis
380 3891 535 3952 bominem
548 3894 713 3973 ingenuum
726 3895 910 3976 plagaverit.

164 3974 215 4053 67.
243 3973 281 4035 Si
294 3994 405 4036 servus
422 3975 707 4056 inculpatasfiserit
721 3980 756 4036 in
767 3975 873 4057 fisrtu.

163 4056 213 4119 68.
235 4058 285 4118 De
305 4053 483 4119 homicidiis
504 4059 718 4137 ingenuorum.

167 4138 216 4218 69.
245 4141 293 4199 De
313 4137 492 4198 homicidiis
504 4139 539 4197 in
558 4139 770 4200 contuberniis
776 4139 887 4222 sactis.
903 4156 908 4164 '

167 4239 215 4300 qo.
244 4223 293 4282 De
322 4220 489 4281 homicidio
516 4223 535 4280 b
564 4221 767 4284 cosstubernio
784 4223 888 4306 facto.
