2826 4998
457 411 460 418 .
518 361 639 424 ursis
668 359 823 424 sameas
1212 353 1244 432 ³

125 512 217 575 sacris
236 509 342 573 literis
360 507 541 591 explicavit.
582 511 670 574 Pho-
694 531 762 588 res,
804 503 845 570 ‘ut
875 512 1026 594 (propter
1053 515 1243 580 servandum

123 617 259 658 ronaeus
288 597 358 656 Rex
389 596 519 658 Graecis
548 595 670 678 primus
695 594 781 655 inter
797 613 830 654 se
850 593 938 673 pacis
959 596 1100 658 studium
1121 601 1151 678 h)
1173 623 1246 661 om⁴

123 681 208 762 leges
253 685 286 738 et
328 675 449 737 iudicia
494 679 669 740 constituit.
695 677 749 736 uia
768 677 967 738 incrementa
989 689 1134 742 veterum
1154 684 1244 744 risa-1

122 760 301 824 Mercurius
338 762 562 846 Trismegistus
603 761 671 846 pri·
694 781 766 818 rum
801 779 946 820 resecare
983 762 1163 825 deberent:
1213 775 1246 828 et

24 912 25 922 ἶ
123 866 192 906 mus
220 844 310 927 leges
333 843 499 930 Aegyptiis
529 845 669 911 tradidit,
695 841 770 926 quia
809 841 924 903 ceteris
963 845 1122 908 Gentibus
1158 847 1247 910 iuxta

24 957 25 964 ¹
123 927 220 990 Solon
243 947 365 1010 primus
386 928 474 1011 leges
487 927 669 990 Athenien·
695 947 728 989 se
750 923 863 1007 positis
884 925 1082 990 fortitudinis
1111 929 1245 992 brachio

123 1011 209 1074 sibus
241 1008 341 1075 dedit.
403 1013 569 1095 Lycurgus
602 1011 670 1095 pri·
694 1007 955 1094 praeminebant,
994 1009 1038 1071 ita
1065 1012 1161 1074 etiam
1181 1015 1246 1076 Le-

124 1116 190 1158 mus
225 1093 490 1155 Lacedaemoniis
523 1095 592 1155 iura
630 1115 670 1156 ex
695 1115 771 1176 gum
788 1092 1244 1175 auctoritatepraecellerent;

99 1175 284 1260 -Apollinis
313 1177 505 1238 authoritate
543 1179 671 1256 contin·
695 1184 733 1236 ut
750 1174 838 1234 iuxta
865 1173 1052 1256 qualitatem
1078 1199 1246 1240 causarum

122 1263 178 1326 xit.
232 1260 338 1320 Numa
373 1259 571 1356 Pompilius,
614 1260 672 1343 qui
696 1265 839 1321 sumeret
863 1257 1040 1319 criminalis
1068 1260 1151 1322 actio
1177 1271 1245 1323 ter·

34 1345 40 1358 '
120 1342 260 1406 Romulo
281 1343 436 1405 suecessit
461 1365 495 1404 111
522 1365 671 1429 regnum,
697 1341 830 1405 minum.
872 1341 1058 1403 Extiterunt
1078 1343 1174 1427 igitur
1197 1345 1247 1424 in·⁴

120 1426 243 1510 primus
270 1425 357 1510 leges
383 1426 535 1490 Romanis
559 1427 671 1491 edidit.
695 1434 747 1486 ter
782 1444 837 1485 eos
880 1424 977 1486 electi
1020 1425 1059 1486 de
1098 1426 1247 1510 pluribus

22 1547 23 1550 η
121 1508 248 1572 Deinde
280 1530 355 1570 cum
387 1511 529 1593 populus
554 1511 672 1593 magis·
697 1517 835 1590 quatuor
854 1505 933 1586 viri,
976 1507 1028 1570 his
1051 1508 1246 1589 nominibus,

122 1602 222 1654 natus
267 1591 436 1656 seditiosos
475 1595 562 1656 ferre
605 1616 671 1654 non
696 1590 915 1673 Wisogastus,
947 1590 1163 1674 Bodogastus,
1186 1593 1246 1654 Sa-

122 1683 255 1760 posset‚
302 1676 509 1738 Decemviros
547 1678 672 1762 legibus
697 1675 852 1756 logastus,
905 1679 937 1734 et
974 1674 1180 1758 Widogastus
1215 1677 1247 1754 ἰ)

122 1757 301 1822 scribendis
338 1760 481 1836 creavit,
530 1764 588 1844 qui
622 1761 673 1821 le·
697 1757 732 1816 iu
754 1755 842 1818 villis
874 1777 957 1838 quae
984 1759 1069 1818 ultra
1095 1757 1248 1820 Rhenum

123 1863 177 1926 ges
226 1862 267 1901 eu
306 1842 436 1906 Solonis
466 1842 501 1901 in
536 1845 673 1906 latinum
697 1848 792 1914 sunt,
835 1838 997 1901 Salehaim
1017 1847 1050 1902 et
1069 1841 1248 1902 Bedohaim

122 1945 306 1987 sermonem
327 1926 496 1988 translatas
524 1927 600 1990 Xll.
623 1936 673 1986 ta·
698 1932 731 1984 et
757 1921 959 1985 Widohaim:
1000 1922 1057 2008 qui
1084 1945 1144 2006 per
1181 1934 1247 1986 tres

121 2007 208 2070 bulis
235 2019 465 2103 exposuerunt.
530 2013 674 2071 Fuerunt
698 2005 813 2066 Mallos
863 2005 1115 2084 convenientes,
1175 2028 1247 2068 om·

120 2099 231 2151 autem
255 2089 305 2150 h1:
337 2091 418 2174 App.
441 2092 595 2156 Claudius
615 2093 673 2153 Sa·
698 2111 783 2150 nem,
816 2109 983 2150 causarum
1017 2089 1175 2172 originem
1208 2091 1247 2169 k)

121 2171 237 2246 binus,
279 2173 317 2234 T.
344 2174 379 2233 L.
418 2177 596 2254 Genntius,
636 2177 672 2236 P.
698 2170 836 2234 sollicite
869 2171 1073 2235 discutiendo
1105 2181 1247 2234 tractan-

121 2254 246 2322 Sestius
272 2249 479 2334 Vaticanus,¹
508 2261 545 2320 Τ.
567 2261 673 2322 Vetn-
697 2264 744 2316 tes
762 2254 800 2316 de
817 2253 952 2338 singulis
969 2254 1126 2317 iudicium
1147 2257 1171 2335 l)
1195 2257 1252 2319 de-·

120 2337 188 2398 rius
204 2337 395 2411 Cicurinus,
427 2341 462 2404 C.
475 2341 575 2402 lulius
591 2341 674 2401 Tul·
698 2347 869 2400 creverunt
890 2338 953 2398 hoc
974 2339 1080 2400 modo.
1204 2351 1206 2356 '

122 2422 192 2497 lus,
225 2418 263 2479 A.
289 2421 462 2501 Manilius,
501 2425 536 2490 P.
562 2423 673 2504 Sulpi·
906 2490 914 2506 .

120 2503 186 2566 tius
210 2503 418 2584 Camerinus,
459 2507 511 2589 Sp.
535 2506 674 2568 Posthu-
698 2491 761 2560 Ex
780 2489 958 2562 chromoo
976 2495 1245 2588 manuscripto.

118 2586 206 2646 mins
250 2585 379 2662 Albus,
440 2591 477 2649 P.
526 2589 674 2649 Horatius
738 2617 971 2680 Marehomoris

118 2667 306 2746 Pulvillus,
350 2669 388 2732 Τ.
418 2672 578 2732 Romilius
608 2675 675 2735 Va·
698 2701 831 2763 Francis
852 2701 885 2761 id
916 2721 993 2762 cons

117 2750 261 2812 tieauus.
318 2751 358 2811 Hi
389 2752 503 2815 decem
532 2753 592 2816 riri
624 2754 674 2816 le-

119 2853 200 2916 gum
234 2834 541 2898 conscribendarum
578 2837 674 2899 electi

119 2924 208 2976 sunt.
264 2918 366 2999 Leges
392 2928 499 2980 autem
527 2921 673 3003 redigere

118 2998 156 3058 in
182 2997 290 3064 libros¹
302 2999 422 3080 primus
441 3003 563 3064 Consul
581 3007 675 3066 Pom·

117 3079 213 3162 peius
248 3081 417 3145 instituere
447 3085 568 3165 voluit,
617 3086 673 3147 sed
698 3138 778 3198 quas
820 3138 930 3177 eorum
972 3139 1097 3199 pnores
1141 3117 1249 3201 genti-

119 3183 191 3222 non
228 3167 444 3245 perseveravit
478 3169 673 3231 obtrectato-

449 3250 455 3266 .
697 3199 744 3259 les
782 3207 1017 3278 tractaverunt,
1060 3201 1111 3262 his
1140 3201 1248 3261 nomi-

117 3266 195 3305 Μ
229 3256 328 3309 metu·
396 3252 523 3312 Demde
559 3253 675 3348 cae&
699 3281 793 3343 nibus
832 3283 1055 3366 wisogastus,
1109 3284 1249 3366 Arogas-

119 3325 231 3409 coepit
252 3327 287 3389 id
305 3331 429 3407 facere,
459 3335 516 3395 sed
532 3345 605 3395 aute
621 3355 674 3430 m·
698 3373 775 3438 ms,
838 3367 1019 3444 salegastus
1073 3365 1107 3426 in
1160 3367 1248 3429 villis

116 3411 277 3472 terfectus
302 3421 359 3474 est.
408 3417 568 3478 Paulatim
590 3427 675 3478 autr—
699 3469 782 3528 quae
808 3448 892 3510 ultra
917 3449 1066 3510 Rhenum
1089 3461 1164 3512 sunt
1212 3450 1247 3509 in

117 3513 207 3589 quae
229 3493 317 3577 leges
348 3507 502 3561 vetustate
525 3510 557 3562 et
578 3501 674 3594 incu3
698 3531 848 3612 Bopagin,
892 3529 1076 3615 saleeagin,
1113 3542 1144 3596 et
1172 3496 1249 3596 'Wn

116 3598 168 3636 rra
191 3577 424 3659 exoleverunt,
457 3605 592 3665 quarum
615 3593 674 3680 etst
700 3614 855 3696 decagin..

118 3659 235 3720 nullus
269 3659 333 3722 iam
367 3685 443 3725 usus
476 3675 543 3746 est,
587 3677 674 3727 notr-

117 3742 165 3800 tia
187 3751 296 3810 tamen
329 3749 507 3809 necessaria
538 3750 674 3812 videtur.
783 3755 878 3813 Anno
933 3753 972 3813 ab
1024 3753 1249 3818 incarnatione

118 3824 224 3907 Leges
262 3848 364 3890 novae
402 3853 420 3890 a
462 3833 673 3894 Constantino
698 3837 830 3898 Domini
874 3835 974 3896 nostri
1017 3836 1092 3897 lesu
1129 3839 1250 3901 Christi

120 3919 302 3990 coeperunt
319 3912 470 3994 Caesare,
493 3926 526 3976 et
538 3917 674 3998 reliquis
698 3919 928 3980 DCCXCVlll
973 3923 1019 3997 m)
1066 3921 1249 3982 Indictione

119 3993 388 4074 succedentibus,
417 4009 572 4082 erantque
599 4022 675 4085 per·
699 4011 806 4083 sexta,
840 4003 999 4065 Dominus
1020 4003 1159 4064 Karolus
1180 4007 1251 4066 Rex

126 4128 568 4156 Μ

180 4198 221 4272 4Ιι)
240 4203 324 4255 Goth.
334 4223 387 4274 pro
398 4209 538 4262 servando
551 4239 579 4250 -
592 4210 693 4264 studio.
747 4213 775 4282 ἰ)
792 4212 876 4265 Goth.
896 4214 1072 4284 Wisogasn's‚
1092 4217 1248 4287 Arogasn's‚

121 4266 275 4338 Sulegastr's
287 4286 316 4324 et
331 4276 515 4348 Wndogustis.
569 4281 597 4352 k)
612 4285 694 4334 Gotb.
708 4301 800 4334 emises
814 4303 961 4336 castrorum
975 4288 1109 4352 origines.
1164 4287 1191 4355 l)
1210 4289 1249 4338 sl.

120 4335 207 4392 nuri.
227 4342 365 4399 radicare.
418 4351 582 4420 :amangus
595 4351 916 4408 superacutarum
926 4375 937 4424 ,·
952 4341 1250 4428 nutnccrxnn.

1002 2641 1131 2703 quoque
1161 2621 1250 2684 dedit

997 2702 1090 2762 ilium
1117 2713 1149 2765 et
1177 2704 1249 2764 ele-

700 2793 817 2865 gerunt
866 2785 1104 2846 Faramundum
1149 2786 1248 2870 ipsius

699 2866 820 2944 filium,
856 2877 888 2928 et
916 2867 1103 2930 levaverunt
1125 2869 1159 2929 in
1182 2871 1249 2930 Re-

699 2971 772 3032 gem
793 2967 938 3034 superse
956 2950 1119 3014 crinitum.
1152 2954 1249 3013 Tunc

698 3033 816 3094 hahere
858 3041 891 3094 et
937 3034 1025 3131 leges
1058 3044 1247 3121 coeperunt,
