2826 4998
186 240 236 314 50
491 246 595 310 neuls
615 241 763 300 sltlcsn
788 241 1042 306 Tlt'..xxxv111.

311 429 313 436 κ
852 385 963 452 Editio
984 384 1107 450 Baluzii
1126 382 1234 447 addite

226 485 267 549 v.
308 477 343 542 Si
364 473 529 559 quissepe
552 470 681 533 concisa
697 467 779 530 ulie·
848 471 890 535 V.
932 469 1058 552 siquis
1079 469 1114 530 in
1138 478 1229 532 enne
1254 468 1303 530 al.

187 561 374 656 nantaurli,
393 563 507 635 (ulu-
523 551 779 622 Balaneion.
806 554 906 626 terius
932 562 1003 636 post
1039 552 1116 614 solis
1152 572 1304 612 occasum

187 650 245 734 qui
269 648 395 708 faciunt
426 640 485 703 sol.
510 632 780 719 XV.,cnlpabilis
807 638 840 698 in
865 639 989 698 furtum
1015 634 1176 716 ingressus
1199 633 1307 694 fuerit

187 732 361 802 iudicetur.
808 731 840 783 et
869 720 989 780 ibidem
1016 715 1117 778 fuerit
1147 716 1305 778 inventus

807 803 961 864 IDCCC..
975 801 1049 862 den.
1070 797 1127 882 qui
1151 799 1213 861 iac.
1241 801 1306 860 sol.

806 886 906 950 XLV.
916 883 1010 968 sulp.
1026 882 1092 962 ind.

191 1057 283 1128 Trr.
303 1039 527 1119 XXXVIII.
579 1037 637 1106 De
654 1033 779 1104 homi·¹
808 1025 1117 1100 Tiaxxxvll.
1167 1025 1306 1095 Deho-

170 1175 173 1186 ¹
242 1150 345 1224 cidiis
361 1163 573 1224 servorum,
593 1133 653 1206 vel
668 1156 731 1203 ex·
843 1128 997 1220 micidiis
1014 1149 1205 1196 servornm
1230 1139 1272 1195 et
1394 1151 1395 1154 ¹

345 1237 615 1338 poliatinnibns.
724 1269 727 1278 ,
940 1225 1164 1295 ancillarum.

230 1378 258 1445 I.
299 1374 335 1437 Si
357 1371 431 1454 quis
450 1358 780 1430 servusservumvel
847 1345 874 1409 Ι.
915 1345 1032 1429 Siquis
1047 1365 1306 1407 servasservum
1394 1331 1395 1366 l

73 1475 76 1486 “
191 1485 225 1527 se
248 1456 449 1523 consimilem
474 1445 647 1522 occiderit,
675 1458 780 1512 (usna,
808 1439 863 1493 aut
886 1429 1036 1490 ancillam
1061 1429 1121 1490 sibi
1147 1427 1306 1488 consimi-
1394 1476 1395 1496 ,

194 1548 281 1607 Thau
300 1537 413 1613 leude,
440 1541 495 1594 aut
517 1530 604 1590 Tlieu
624 1525 782 1597 leudinia)
807 1515 873 1575 lem
894 1511 1072 1584 occiderit,
1102 1510 1307 1572 homicidam

191 1629 255 1690 hoc
280 1619 451 1694 convenit,
474 1622 511 1674 ut
529 1608 723 1672 homicidam
739 1605 781 1666 il·
808 1597 903 1657 illum
929 1604 967 1668 z)
997 1593 1121 1656 domini
1152 1592 1240 1654 inter
1271 1613 1306 1654 se
1394 1645 1395 1664 ¹

191 1709 260 1772 lum
274 1702 396 1770 domini
410 1699 496 1759 inter
509 1716 542 1757 se
558 1692 710 1754 dividant.
809 1677 964 1740 dividant.
1394 1671 1395 1676 ’

211 1791 278 1854 “ΙΙ.
319 1781 447 1865 Siquis
469 1780 631 1862 ingenuus
654 1792 782 1834 servum
850 1761 892 1835 Il.
934 1755 1309 1841 Siquisingenuusser·
1392 1805 1395 1818 ,,

193 1875 336 1936 alienum
359 1864 522 1927 adsalierit
550 1867 583 1919 et
598 1854 782 1950 expoliave-
809 1865 886 1907 vum
906 1841 1048 1902 alienum
1066 1839 1259 1916 adsallierit,
1275 1848 1309 1900 et
1391 1825 1395 1850 '¹

192 1959 259 2034 rit,
288 1963 321 2014 et
342 1951 476 2028 insuper
496 1940 706 2026 quadraginta
730 1933 783 1996 de·
810 1925 1042 2008 expoliaverit,
1074 1933 1105 1984 et
1132 1922 1308 1983 convictus

193 2038 301 2101 uarios
319 2035 349 2096 ei
369 2029 480 2090 tulisse
490 2023 653 2108 probatur,
669 2026 782 2092 (usna.
795 2031 798 2039 ·
809 2007 923 2084 suerii,
945 2007 1033 2089 quod
1052 2005 1170 2088 eiplus
1182 2053 1190 2082 ,
1206 2026 1310 2086 quam
1394 2043 1395 2052 .

196 2124 283 2183 leeu
308 2108 438 2258 nosdoss
459 2110 525 2171 DC.
555 2105 628 2166 den.
654 2101 711 2183 qui
734 2100 783 2157 fa·
809 2090 880 2153 XI..
905 2090 976 2154 den.
997 2089 1125 2166 valent,
1155 2088 1308 2164 tulisset,
1394 2085 1395 2158 ζ

194 2205 287 2266 ciunt
314 2198 373 2261 sol.
431 2195 470 2258 V.
505 2185 675 2271 culpabilis
705 2181 787 2241 iudi·
814 2174 896 2234 ICC.
922 2172 995 2232 den.
1018 2171 1074 2252 qui
1098 2169 1223 2232 saclunt
1247 2171 1311 2231 sol.
1394 2182 1395 2190 ¹

196 2289 298 2350 cetur.
814 2251 923 2320 XXX.
935 2253 1022 2336 culp.
1038 2253 1209 2316 iudicetur,
1222 2261 1269 2326 a)

237 2367 296 2432 lll.
331 2347 785 2428 Siverominustuleritquam
854 2337 912 2400 Ill.
954 2336 988 2395 Si
1004 2337 1196 2396 verominus
1209 2354 1312 2416 quam

196 2440 307 2514 valent
320 2447 385 2506 XL.
398 2437 535 2509 denarii,
548 2433 616 2497 DC.
634 2426 785 2504 denariis,
814 2420 883 2482 XL.
900 2419 972 2482 den.
985 2420 1092 2482 valent
1106 2417 1311 2494 tulerit,DC,

198 2534 255 2616 qui
278 2529 402 2590 faciunt
431 2522 490 2585 sol.
519 2519 589 2580 XV.
614 2507 785 2594 culpabilis
816 2504 889 2567 den.
915 2500 971 2582 qui
999 2501 1123 2562 faciunt
1152 2499 1210 2561 sol.
1232 2499 1312 2565 XV.
1394 2497 1395 2562 j

198 2616 371 2678 iudicetur.
815 2586 900 2664 culp.
918 2583 984 2648 iud,
1061 2644 1063 2649 1
1394 2577 1395 2582 ’

240 2699 296 2760 IV.
340 2691 374 2754 si
398 2687 472 2772 quis
493 2701 619 2746 servum
645 2675 786 2736 alienum
856 2669 910 2730 IV.
952 2666 985 2724 Si
997 2663 1070 2746 quis
1084 2685 1213 2726 servum
1232 2665 1314 2725 alie.
1394 2659 1395 2694 1

197 2776 384 2852 battiderit,
406 2780 438 2833 et
460 2768 491 2830 ei
505 2767 637 2844 insuper
654 2758 788 2840 quadra·
815 2747 1130 2830 numllsgellaverit‚
1154 2745 1313 2812 etinXL‚
1394 2745 1395 2766 ³

199 2864 289 2946 ginta
310 2867 420 2918 noctes
436 2847 602 2933 trigaverit
616 2862 711 2924 opera
730 2859 786 2900 sua
815 2831 964 2894 noctibus
978 2849 1182 2911 operarenon
1195 2839 1312 2911 potue·

117 2971 121 2976 ’
200 2961 313 3020 (usna.
346 2933 589 3005 Daudinariae)
618 2925 686 2988 XL.
713 2922 786 2984 den,
815 2916 858 2978 rit
871 2911 1200 2993 XL.denar.‘quiIac.
1214 2911 1312 2976 sol.I.
1394 2911 1395 2942 i

199 3025 256 3108 qui
265 3021 392 3083 faciunt
404 3014 496 3081 soll.
511 3011 628 3073 triente
642 3027 707 3066 uuo
721 3003 788 3064 cul·
816 3008 848 3059 et
862 2993 972 3057 trianti
989 3013 1054 3053 uno
1079 2993 1166 3075 quod
1186 3002 1232 3054 est
1247 3004 1315 3054 ter.
1394 2994 1395 3027 1

200 3105 317 3194 pabilis
332 3101 504 3162 iudicetur.
815 3080 859 3142 tia
873 3099 944 3160 pars
971 3075 1077 3153 solidi,
1103 3075 1189 3158 culp.
1200 3075 1270 3141 iud,
1394 3077 1395 3108 t

241 3191 281 3253 V.
324 3185 357 3246 Si
386 3180 457 3263 quis
491 3191 618 3238 servum
647 3170 788 3230 alienum
857 3163 896 3226 V.
938 3159 973 3220 Si
998 3159 1069 3240 quis
1093 3157 1190 3217 horno
1215 3159 1314 3240 inge·
1394 3159 1395 3166 ’

200 3253 788 3346 mortuumexpoliaveritperfurtum‚
819 3261 901 3304 nuus
923 3241 1025 3302 lidum
1045 3239 1186 3303 alienum
1208 3261 1314 3323 expo.

137 3421 140 3428 ,
202 3357 235 3418 et
249 3351 350 3434 spolia
366 3349 433 3429 ipsa
450 3342 522 3423 plus
539 3359 634 3420 quum
652 3335 717 3396 XL.
732 3333 789 3393 de·
819 3325 962 3402 flaverit,
986 3321 1126 3384 lCCCC.
1151 3321 1226 3382 den.
1253 3322 1313 3404 qui
1394 3321 1395 3356 ἲ

203 3437 309 3498 uarios
342 3430 470 3494 valeant
504 3421 635 3495 tulerit,
673 3420 791 3490 (usna.
819 3409 943 3469 faciunt
967 3407 1024 3466 sol.
1049 3405 1181 3468 XXXV.
1203 3407 1314 3490 culpa.
1394 3416 1395 3438 i

205 3520 293 3580 Tlien
307 3515 375 3598 frio
391 3504 534 3570 mosidol
558 3503 628 3565 DC.
644 3499 716 3562 den.
735 3495 792 3576 qui
819 3492 894 3552 hilis
913 3487 978 3553 iud.

201 3603 336 3664 faciunt.
369 3593 427 3657 sol.
454 3589 527 3653 XV.
550 3593 597 3665 y)
623 3578 792 3663 culpabilis
822 3610 830 3634 ι

202 3683 376 3746 iudicetur.
636 3707 641 3722 .

235 3768 301 3831 Vl.
344 3761 378 3824 Si
395 3757 468 3842 quis
485 3773 561 3816 vero
578 3747 675 3808 homo
694 3743 792 3826 lnge·
860 3735 918 3802 VI.
960 3733 1078 3820 siquis
1095 3732 1316 3798 servumalie-
1394 3745 1395 3748 ’

200 3904 612 3939 Μ

266 3998 304 4065 y)
323 3997 451 4058 inmarg.
470 3982 584 4040 XXXV.
597 3980 649 4032 sol.
668 3982 833 4050 componat..
856 3969 886 4020 Si
904 3985 965 4027 vero
984 3965 1209 4040 usqueXL.den.
1221 3967 1319 4019 tulerit

204 4070 266 4123 XV.
285 4067 334 4119 ἑοὶ.
352 4065 507 4133 persolvat.
579 4053 609 4118 z)
629 4049 683 4100 Est.
701 4039 878 4097 homicidium
895 4035 976 4093 illud.
1028 4045 1061 4102 a)
1080 4036 1168 4092 Gloss.
1188 4039 1245 4090 Est.
1265 4037 1316 4086 ad-

203 4140 256 4190 dit:
275 4133 414 4204 ¹Iudlccmt
430 4127 535 4184 Franci
552 4125 601 4194 qui
618 4119 675 4172 XL.
695 4127 745 4168 aut
760 4113 905 4184 plusquam
919 4109 982 4167 XL,
1000 4107 1063 4167 den,
1087 4108 1187 4172 valent,
1197 4109 1316 4181 furatus

194 4209 304 4282 suerit,
331 4203 413 4256 ursit
430 4202 513 4254 latre.
551 4194 606 4262 Qui
623 4207 685 4245 vero
703 4187 793 4240 minus
813 4180 928 4234 nonsit.
1230 4187 1236 4196 ·
1362 4181 1365 4188 r
