2906 5008
217 255 291 330 254
424 272 531 330 stass
549 237 818 328 nnuvsaroauu
836 275 907 330 ιιι.
926 277 963 329 ιι.
981 277 1058 332 car.
1076 278 1176 332 ιιιιι.

217 401 403 499 neglectum
427 411 543 488 iecere,
570 419 603 472 et
627 411 661 475 id
687 413 810 493 tulerit,
832 424 865 476 ct
883 437 982 498 super
1001 423 1131 478 noctem
1153 413 1326 492 celaverit,

217 503 339 644 luntutm
366 502 552 580 reputetur,
583 494 617 556 in
644 495 776 582 publico
802 498 992 579 quindecim
1009 497 1060 584 c)
1085 498 1213 561 solidos.
1232 521 1328 562 com-

216 604 324 666 pono.
358 619 362 624 -

236 697 312 761 Car.
332 691 425 772 XIV.
466 692 516 752 Dc
541 694 589 752 tis
618 693 673 776 qui
700 695 869 756 iussionem
892 697 990 756 Ducis
1022 698 1279 782 contempserint.

298 809 335 871 si
359 808 431 892 quis
456 805 630 870 iussionem
652 808 753 870 Ducis
778 811 826 871 sui
855 811 1093 893 contempserit,
1116 813 1167 873 vel
1190 811 1325 891 signum

214 894 311 976 quale
333 912 408 952 usus
429 890 527 950 luerit
556 891 631 950 Dux
652 893 886 964 transmittere,
911 902 968 954 aut
990 896 1170 970 annulum,
1199 904 1254 954 aut
1276 895 1323 954 si-

216 977 353 1058 gillum,
382 971 410 1034 si
435 972 615 1054 neglexerit
636 974 749 1036 venire
772 984 828 1034 aut
854 976 961 1037 facere
994 977 1082 1058 quod
1117 975 1222 1035 iussus
1250 986 1323 1052 cst,

215 1055 403 1140 quindecim
414 1052 459 1150 s)
480 1053 600 1116 solidos
626 1075 686 1137 pro
709 1058 859 1140 neglecto
881 1058 981 1120 donet
1002 1059 1037 1120 in
1059 1056 1205 1141 publico,
1227 1058 1323 1120 etsie

216 1140 347 1225 impleat
373 1137 558 1202 iussrouem.
587 1164 591 1170 =

384 1252 460 1314 Car.
479 1247 552 1312 XV.
598 1249 641 1312 Ut
659 1251 780 1334 placita
793 1250 885 1334 fiant
898 1273 960 1337 per
983 1252 1154 1320 Kalendas.

298 1370 324 1431 1.
364 1371 408 1430 Ut
430 1367 549 1452 placita
573 1368 652 1428 fiant
675 1388 734 1450 per
760 1367 922 1430 Kalendas
948 1377 1004 1428 aut
1034 1377 1107 1450 post
1131 1366 1324 1450 quindecim

217 1449 286 1512 dies
304 1459 359 1532 g),
381 1451 407 1513 si
426 1472 554 1514 necesse
578 1459 635 1530 est,
658 1452 698 1512 ad
724 1471 847 1512 caussas
876 1451 1104 1532 inquirendas,
1137 1462 1173 1513 ut
1195 1452 1238 1514 sit
1257 1473 1323 1534 pax

216 1535 250 1598 in
275 1533 454 1616 provincia,
476 1542 509 1594 ct
529 1555 639 1596 omnes
659 1533 754 1594 liberi
781 1533 975 1594 conveniant
998 1533 1178 1596 constitutis
1205 1533 1323 1595 diebus

216 1617 272 1678 ubi
293 1618 391 1678 iudex
414 1615 628 1692 ordinaverit,
651 1625 684 1678 et
702 1636 796 1676 nemo
820 1615 861 1676 sit
878 1637 971 1676 ausus
992 1624 1201 1680 contemnere
1225 1616 1319 1677 veui-

215 1700 312 1761 read
340 1699 500 1782 placitum.
547 1699 612 1776 Qui
631 1697 717 1757 infra
738 1697 833 1758 illum
860 1699 1045 1776 comitatum
1069 1709 1216 1770 manent,
1246 1699 1319 1760 sive

210 1784 309 1862 ¹Regis
329 1782 423 1858 vassi,
445 1781 512 1844 sive
534 1783 644 1856 Ducis,
667 1801 777 1841 omues
794 1780 834 1840 ed
849 1781 1003 1861 placitum
1016 1781 1156 1846 veniant.
1197 1783 1240 1844 Et
1258 1780 1320 1864 qui

214 1865 396 1948 neglexerit
417 1863 540 1940 venire,
564 1865 733 1925 damnetur
755 1862 941 1944 quindecim
972 1865 1007 1937 t)
1030 1863 1149 1928 solidis.
1356 1881 1358 1884 ·

295 1947 340 2014 ll.
382 1949 497 2008 Comes
514 1967 591 2008 vero
608 1967 716 2007 secum
736 1945 852 2006 habeat
876 1945 1030 2019 iudicem,
1049 1946 1107 2028 qni
1129 1944 1174 2006 ibi
1192 1944 1318 2005 consti-

213 2037 301 2092 tutus
323 2040 371 2092 est
396 2029 550 2106 iudicare,
572 2039 605 2090 et
624 2027 743 2088 librum
763 2029 844 2109 legis
867 2036 902 2087 ut
923 2049 1050 2111 semper
1074 2037 1200 2088 rectum
1227 2026 1319 2088 iudi-

213 2112 300 2184 cium
326 2111 447 2172 iudicet
467 2112 506 2172 de
533 2109 620 2176 omni
642 2131 750 2172 caussa
771 2131 853 2190 quae
879 2111 1100 2193 componenda
1122 2121 1207 2172 suut.

295 2194 356 2258 111.
397 2193 462 2270 Qui
488 2203 599 2254 contra
621 2194 725 2274 legem
746 2193 840 2268 tacit,
869 2202 1041 2274 componat
1070 2191 1154 2254 sicut
1178 2194 1233 2254 lex
1255 2193 1318 2254 ha-

212 2276 286 2356 bet,
309 2286 342 2340 et
362 2277 461 2340 donet
480 2274 634 2338 vuadium
653 2274 772 2336 Comici
795 2274 853 2336 illo
876 2276 915 2338 de
935 2276 1028 2337 fredo
1052 2276 1134 2336 sicut
1155 2276 1211 2338 lex
1235 2283 1298 2340 est.

358 2425 433 2488 Car.
453 2423 559 2492 xV1.·
593 2423 635 2486 Ut
651 2422 752 2486 index
767 2437 891 2505 partem
918 2446 1006 2486 suom
1026 2425 1170 2508 accipiat.

293 2541 397 2604 Iudex
413 2561 489 2602 vero
511 2549 633 2621 partem
651 2561 741 2600 suam
764 2539 899 2620 accipiat
925 2541 965 2602 de
989 2559 1097 2600 caussa
1119 2561 1214 2620 quam
1232 2538 1317 2599 iudi·

213 2623 309 2690 cavit.
349 2627 397 2684 De
422 2624 525 2684 tribus
545 2622 655 2683 solidis
684 2623 861 2682 tremissem
888 2623 1036 2703 accipiat,
1066 2622 1105 2683 de
1127 2643 1183 2682 sex
1203 2622 1316 2685 solidis

210 2711 291 2772 duos
309 2705 465 2768 tremisses
481 2705 630 2786 accipiat,
654 2705 693 2764 de
719 2725 835 2765 novem
854 2705 964 2766 solidis
984 2727 1085 2765 unum
1100 2703 1239 2766 solidum
1259 2727 1315 2766 ac·

210 2792 310 2874 cipiet
330 2791 374 2860 i).
430 2790 479 2849 De
508 2787 595 2848 omni
628 2785 857 2868 compositione
890 2807 1016 2870 semper
1047 2808 1165 2848 nouam
1189 2798 1315 2870 partem

210 2873 355 2958 accipiat,
389 2872 465 2934 dnm
486 2879 610 2930 rectum
633 2869 762 2934 indicat.

321 2976 325 2988 ’
388 2985 482 3049 'Can
502 2981 608 3048 XVII.
662 2983 771 3067 Qualis
787 2980 887 3044 iudex
890 2981 975 3068 fieri
995 2981 1117 3046 debeat.

292 3100 396 3165 ludex
417 3110 522 3162 antem
530 3099 603 3160 talis
616 3099 785 3161 ordinetur
800 3099 857 3181 qui
874 3100 1040 3162 veritatem
1053 3102 1231 3165 secundnm
1247 3101 1313 3164 hoo

211 3183 353 3244 edictum
374 3182 505 3248 indicet.
546 3183 617 3242 Non
638 3181 679 3242 sit
697 3202 905 3263 personarum
930 3192 1097 3264 acceptor,
1121 3205 1225 3266 neque
1251 3207 1311 3246 cu-

210 3266 305 3348 pidus
325 3266 493 3347 pecuniae.
552 3265 641 3326 Perit
660 3265 714 3325 lex
742 3264 923 3344 cupiditatis
944 3287 1061 3330 amore.
1109 3267 1253 3328 Praemia
1279 3277 1313 3327 et

209 3348 295 3408 dona
316 3346 439 3428 legibus
465 3347 551 3410 vires
575 3349 728 3408 tulerunt.
771 3346 932 3429 Impunita
954 3358 1062 3410 manet
1081 3349 1162 3412 male
1178 3349 1311 3412 vivendi

210 3430 351 3490 licentia.
403 3431 577 3512 Propterea
599 3429 671 3490 talis
697 3430 909 3492 constituatur
940 3429 1039 3490 iudex
1060 3431 1118 3512 qui
1144 3433 1216 3514 plus
1239 3431 1312 3495 dili·

211 3520 266 3594 get
289 3512 442 3582 iustitium
463 3533 556 3593 qnam
577 3511 757 3594 pecuniam.

231 3627 307 3693 Car.
328 3627 445 3718 XVlll.
487 3625 524 3685 Si
542 3623 642 3690 iudex
661 3638 792 3710 propter
811 3638 938 3686 munero
961 3627 1073 3686 iniuste
1090 3625 1290 3693 iudicaverit.

293 3745 398 3808 ludex
418 3741 445 3804 si
468 3751 598 3824 accepta
619 3741 757 3822 pecunia
777 3740 859 3800 male
880 3737 1082 3816 iudicaverit,
1106 3741 1161 3802 ille
1182 3741 1238 3822 qni
1258 3741 1311 3801 in-

211 3835 292 3918 iuste
312 3827 435 3910 aliquid
456 3825 495 3885 ab
517 3846 554 3884 eo
571 3843 629 3906 per
647 3823 838 3884 sententiam
855 3822 1026 3884 iudicantis
1046 3824 1237 3903 abstulerit,
1259 3823 1312 3884 ab·

194 4067 197 4070 .
223 4055 249 4110 ⁵.
280 4023 308 4094 o)
326 4023 435 4078 llcrold.
460 4023 530 4098 XII„
550 4024 601 4098 sol.
661 4019 699 4106 s)
717 4020 825 4106 Herold.
846 4021 922 4141 lXIl.⁸
947 4021 1004 4142 scit
1063 4023 1093 4094 g)
1115 4022 1224 4075 Hernld.
1247 4021 1311 4138 XI}

213 4092 715 4287 {iidtlssdemfiitddididilddcldilsiiilsdt
733 4091 1069 4234 ldtldddritiiieildcctitlidi,
1093 4095 1134 4217 idae
1154 4094 1214 4214 gg·
1231 4093 1312 4214 :ddici-

229 4255 305 4288 ,ιοι
325 4253 369 4290 utu
387 4244 517 4303 acctprut.
537 4278 545 4302 ,
812 4291 816 4296 Ι
1067 4263 1069 4270 ,
