2876 4992
239 224 312 306 us
687 247 754 305 unx
789 253 914 308 sitici

238 391 433 466 milesius)
446 389 450 397 '
461 396 538 451 sunt
567 388 635 454 dtu.
663 387 778 454 [CCC.
816 392 902 454 xerit
915 392 1052 456 mccc.
1069 393 1143 461 den.
1157 393 1216 478 qui
1229 393 1348 456 faciunt

238 469 504 620 ἷῗεοίἰιιζιᾶιίθεὲἲὶἱοε
518 469 621 592 XLV.
640 473 784 558 culpabi·
816 474 875 540 sol.
891 475 989 537 XLV.
1006 476 1092 560 culp.
1107 477 1175 543 iud.

262 771 264 775 -
816 725 863 800 L.
912 725 970 798 De
993 721 1227 818 ligaminibus
1243 725 1348 818 Inge-

267 820 415 894 XXXI.
441 822 500 895 De
515 821 757 916 ligaminibus.
996 847 1167 899 nuorum.

282 986 319 1049 Si
336 987 408 1069 quis
422 983 586 1050 hominem
604 989 783 1072 ingenuum
857 987 890 1048 Si
910 987 983 1068 quis
995 985 1161 1050 hominem
1176 987 1351 1072 ingenuum

240 1065 313 1135 siue
326 1089 421 1132 eausa
432 1069 688 1152 ligaveritmsnn.
700 1073 783 1134 ande
814 1069 883 1132 sine
897 1093 990 1132 eausa
1009 1071 1158 1152 ligaverit
1178 1079 1286 1144 [uuus.
1296 1096 1351 1132 en-

241 1153 359 1225 rebus)
379 1161 454 1214 suut
466 1153 533 1212 diu.
553 1152 638 1220 100.
657 1153 783 1218 fuciunt
816 1151 976 1236 dreppns]
1000 1152 1123 1214 CCXL.
1143 1155 1219 1214 den.
1232 1153 1288 1234 qui
1304 1155 1352 1212 l'a‘

241 1234 302 1297 sol.
322 1235 416 1294 XXX.
433 1235 520 1316 culp.
532 1234 600 1298 iud.
816 1235 908 1296 ciunt
927 1235 987 1302 sol.
1008 1235 1105 1299 XXX.
1131 1235 1218 1316 culp.
1240 1235 1306 1299 iud.

284 1313 319 1374 Si
337 1336 416 1380 vero
434 1315 582 1398 ¹uliquum
603 1328 724 1400 partem
740 1318 782 1380 li·
856 1317 890 1375 Si
913 1338 991 1379 vero
1019 1317 1087 1396 ipso
1119 1317 1220 1400 ligeto
1248 1317 1350 1396 aliqua

265 1405 351 1458 utum
366 1397 495 1460 duxerit
514 1406 629 1474 (nunu.
652 1401 783 1462 andere·
814 1411 902 1484 purte
931 1399 1059 1459 duxerit
1087 1403 1196 1468 (unns.
1220 1397 1350 1482 andrep-

240 1417 436 1625 inuti
454 1481 694 1652 utst-
714 1482 779 1627 tt
811 1481 1216 1646 §lusti-..tusi

242 1728 411 1802 XXXII.
437 1731 497 1802 De
514 1734 782 1814 venacionibus.
843 1730 910 1807 LI.
959 1730 1017 1799 De
1040 1706 1337 1802 Venationibus.¹

284 1893 408 1977 siquis
426 1916 504 1957 vero
524 1896 563 1959 de
584 1897 718 1962 diversis
730 1923 784 1963 ve·
857 1897 891 1959 si
911 1895 984 1977 quis
1013 1894 1146 1958 diversis
1180 1896 1349 1979 uenationi-

244 1977 498 2039 nacionibus-
516 2013 558 2027 —-
576 2014 619 2028 —-
678 1977 783 2061 Qualis
814 1981 874 2041 bus
891 1981 953 2043 fur.
973 1986 1029 2039 sut
1043 1978 1198 2040 celaverit
1213 1981 1240 2040 si
1257 2001 1346 2041 cervo

241 2059 348 2142 legem
363 2061 649 2141 deveuationibns,
664 2073 696 2126 et
709 2087 783 2146 pes·
816 2062 990 2124 domestico
1021 2060 1148 2141 signum
1183 2061 1347 2122 habentem

240 2141 428 2204 caelonibus
440 2146 593 2206 convenit
602 2147 783 2212 observare.
815 2143 974 2205 furaverit
992 2153 1047 2204 aut
1062 2137 1227 2204 occisserit
1239 2164 1299 2224 que
1310 2143 1346 2202 ad

283 2222 319 2285 Si
347 2225 419 2306 quis
434 2226 784 2289 cervnmdomisticum
816 2225 1022 2289 venationem
1041 2237 1229 2286 mansuetus
1254 2235 1298 2285 est
1318 2236 1345 2284 et

240 2305 369 2389 signum
391 2307 538 2368 abentem
555 2311 721 2389 furaverit,
730 2321 785 2372 aut
816 2309 964 2371 dominns
978 2329 1056 2369 suus
1075 2329 1133 2388 per
1148 2309 1280 2368 testibus
1297 2327 1345 2387 po·

181 2443 184 2450 .
242 2389 411 2467 occiderit,
431 2390 488 2471 qni
518 2391 551 2450 in
573 2393 784 2454 venacionem
815 2391 915 2452 tuerit
934 2391 1108 2472 adprobare
1123 2391 1213 2470 quod
1229 2387 1342 2451 eumin
1404 2405 1405 2465 t

240 2483 428 2534 mansuetus
450 2482 517 2550 est,
546 2483 577 2536 et
607 2473 670 2538 hoc
692 2479 783 2538 testi·
816 2475 1021 2538 venationem
1037 2471 1202 2534 habuisset
1225 2483 1256 2533 et
1278 2491 1343 2530 cnm

239 2553 301 2618 bus
323 2554 531 2636 adprobatum
552 2559 671 2636 fuerit,
696 2561 784 2640 quod
817 2579 891 2619 eum
913 2558 990 2617 duas
1011 2564 1066 2614 sut
1084 2563 1148 2615 tres
1171 2552 1343 2616 ferasocci·
1403 2595 1404 2625 i

243 2657 318 2698 eum
333 2636 482 2698 dominus
498 2659 571 2700 suos
586 2640 618 2699 in
634 2643 783 2703 venacio-
797 2685 801 2692 -
816 2640 914 2701 disset
934 2646 1010 2700 sunt
1031 2637 1098 2701 DC.
1127 2637 1203 2697 (len.
1222 2635 1280 2717 qui
1299 2635 1343 2693 fu-

243 2735 320 2780 nem
338 2719 429 2779 abuit
448 2729 480 2780 et
504 2743 577 2782 cum
600 2721 704 2804 ipsum
729 2725 782 2785 vel
816 2721 908 2784 ciunt
925 2721 985 2788 sol.
1004 2719 1079 2784 XV.
1095 2719 1184 2804 culp.
1204 2718 1269 2784 iud.
1402 2715 1403 2785 l

243 2801 324 2864 duas
347 2811 404 2861 ant
433 2810 497 2864 tres
518 2805 601 2865 feras
630 2805 785 2869 occiderit
968 2817 970 2824 ⁴

241 2892 360 2955 (utun.
378 2884 558 2963 tronisido)
586 2895 661 2948 sunt
681 2887 784 2949 dinan.
1401 2885 1402 2943 l

239 2963 388 3032 lusce.
415 2967 543 3030 faciunt
563 2969 656 3032 solid.
680 2968 783 3036 XLV.

242 3048 329 3128 culp.
354 3047 422 3112 nt.
845 3084 846 3088 κ
1233 3119 1240 3134 ,
1332 3113 1343 3129 ‚
1400 3013 1401 3104 l

280 3129 392 3192 Alium
407 3154 486 3196 vero
500 3133 709 3198 domesticum
720 3157 787 3199 cer·
858 3126 893 3188 Sl
904 3146 982 3188 V01'0
998 3145 1095 3188 ΟΘΠΟ
1108 3122 1279 3184 d0m0⁵l¹⁰⁰
1290 3138 1341 3200 ‘l¹u

241 3233 328 3289 vum,
340 3212 397 3294 qui
411 3213 444 3273 in
456 3219 669 3280 venacionem
679 3221 785 3282 adhue
817 3208 851 3269 in
876 3209 1046 3272 venatione
1068 3205 1173 3268 adhue
1191 3226 1255 3265 non
1273 3201 1343 3260 fuis·

237 3309 309 3354 uon
327 3293 392 3353 fuit
410 3294 603 3361 involaverit
621 3312 652 3363 et
674 3303 705 3364 οἱ
717 3302 786 3365 fue.
817 3301 865 3353 set
874 3291 1032 3352 furaverit
1042 3299 1098 3351 ent
1113 3283 1341 3350 occisseritDC.

239 3374 286 3437 rit
306 3375 515 3459 adprobatum
546 3389 662 3456 (niu.
691 3387 785 3445 troni.
817 3375 891 3435 den.
905 3372 962 3455 qni
974 3371 1101 3434 faciunt
1116 3363 1342 3446 sol.XV.culp.

240 3456 396 3519 sidosnnt
412 3460 478 3523 diu.
509 3461 595 3527 100.
609 3467 670 3530 lue.
689 3466 783 3530 solid.
816 3456 914 3522 iudic-

239 3537 353 3610 XXX.
373 3543 461 3629 c'ulp.
481 3543 549 3613 iud.
857 3540 891 3601 si
912 3536 985 3621 quis
1011 3556 1142 3598 cervum
1167 3541 1222 3630 snt
1238 3547 1339 3622 apruni

814 3623 933 3685 lassum
965 3640 1063 3702 quem
1091 3618 1222 3679 ulterius
1260 3629 1338 3674 cums

759 3767 762 3778 .
814 3712 952 3766 movnnt
982 3699 1162 3777 occluserit,
1192 3705 1244 3758 snt
1266 3691 1340 3756 cela·

814 3788 899 3851 verit
911 3787 977 3850 DC.
992 3785 1066 3848 den.
1080 3782 1138 3865 qui
1152 3780 1271 3843 faciunt
1287 3771 1338 3837 sol.

813 3870 889 3937 XV.
906 3869 992 3951 culp.
1009 3865 1076 3926 iud.

244 3990 431 4068 xxxtu.
445 3989 502 4063 De
513 3991 665 4087 sepebus
679 4015 782 4068 vero.
895 3985 978 4058 LII.
1029 3985 1087 4054 De
1105 3980 1264 4078 Sepibus.

283 4121 365 4183 Tres
382 4122 486 4206 virgas
508 4123 594 4184 unde
606 4144 696 4206 sepes
711 4121 784 4184 suh·
856 4116 889 4180 si
905 4115 977 4199 quis
990 4125 1053 4175 tres
1066 4113 1171 4195 virgas
1184 4107 1267 4171 unde
1279 4121 1336 4164 sae·

239 4203 387 4284 legetur,
399 4207 557 4270 furaverit
575 4215 630 4268 aut
651 4203 783 4290 capula·
813 4200 863 4285 pis
881 4197 1090 4285 superligata
1110 4205 1157 4258 est
1179 4193 1227 4257 vel
1247 4195 1337 4252 reton-
