2906 5008
215 299 291 396 iii
340 269 342 274 ,
411 321 516 380 areis
534 315 806 394 sarovanonuu
822 315 895 372 rar.
913 315 962 378 xi.
980 319 1055 370 cn.
1075 321 1122 374 v..

214 507 296 544 ,m
315 507 361 542 „e
379 509 395 532 .,
455 462 531 526 Car.
553 459 597 524 11.
638 462 696 526 De
716 457 868 540 limitibus
887 478 962 520 casu
983 459 1087 524 motis.

215 567 334 646 '‘⁴¹¹¹tSi
358 575 431 662 quis
456 577 533 638 dum
554 585 635 654 urst,
664 576 715 636 vei
747 571 870 656 piantat
896 575 1045 652 vineam,
1073 574 1228 636 terminos
1248 594 1334 637 casu

215 656 472 723 nnn'votnntns
497 660 662 734 evellerit,
690 658 807 738 vicinis
835 657 1057 739 pmesentibus
1084 656 1231 720 restituat
1260 666 1334 719 ter-

216 742 369 822 niern‚'·
390 753 422 805 ot
448 742 575 802 uallum
596 742 749 803 damnum
770 739 847 800 inde
870 741 1018 824 patititur.

421 860 496 925 Car.
519 857 578 919 ΙΙΙ.
626 857 674 918 De
696 856 891 918 contentione
912 858 1127 923 terminorum.

300 973 327 1038 I.
369 965 658 1056 Quotienscunque
685 971 725 1034 dc
749 969 898 1035 terminis
923 967 1023 1034 iu'erit
1047 981 1116 1034 orta
1145 972 1330 1050 contentio,

214 1057 308 1142 sigua
327 1078 410 1140 qnae
437 1056 616 1140 antiquitus
645 1054 819 1119 constituta
841 1065 916 1118 sunt
940 1065 1068 1140 oportet
1091 1055 1271 1138 inquirere,
1291 1056 1330 1118 id

215 1135 277 1221 est,
297 1159 447 1224 aggerens
471 1151 587 1217 terrae,
609 1161 705 1222 quem
726 1147 855 1221 propter
878 1137 957 1200 lines
983 1138 1160 1199 fundorum
1181 1137 1329 1221 antiqui·

215 1217 267 1298 tus
293 1223 477 1306 apparuerit
502 1221 601 1284 fuisse
627 1222 798 1304 ingestum,
819 1221 941 1304 lapides
966 1221 1062 1282 etiarn
1085 1243 1166 1302 quos
1190 1230 1330 1304 propter

216 1287 375 1386 iudicium
405 1303 616 1366 terminorum
649 1303 734 1366 uotis
765 1301 970 1392 evidentibus
999 1302 1132 1387 sculptis
1173 1303 1329 1366 constite-

216 1389 261 1452 rit
282 1407 350 1450 esse
372 1385 503 1453 defixos.
626 1441 645 1452 ,.
1322 1435 1327 1448 .

246 1470 248 1476 ’
300 1466 342 1535 Ii.
382 1469 417 1531 Si
440 1470 521 1532 boec
546 1472 637 1553 signa
658 1468 844 1542 defuerint,
875 1467 1008 1530 tune'in
1030 1469 1197 1532 arboribus
1218 1478 1329 1546 notas,

216 1573 295 1641 quas
316 1551 512 1633 decoresay)
537 1559 663 1629 vocant,
693 1551 846 1616 convenit
868 1549 1047 1634 observare,
1068 1553 1125 1615 sed
1148 1553 1221 1614 illas
1237 1573 1325 1636 quae

217 1632 396 1719 antiquitus
419 1633 595 1714 probantur
616 1634 746 1698 incisae.

220 1716 260 1802 „J¹
299 1715 359 1788 111.
401 1716 499 1796 Quod
517 1716 547 1780 ai
563 1717 646 1780 intra
664 1716 819 1779 terminos
837 1713 960 1779 alienos
982 1735 1040 1802 per
1065 1714 1238 1779 absentiam
1268 1721 1327 1776 aut
1436 1755 1437 1762 κ

214 1821 275 1886 per
302 1798 516 1884 ignorantiam
541 1799 663 1862 domini
693 1809 816 1882 partein
844 1799 983 1884 aliquam
1014 1797 1097 1859 forte
1123 1795 1325 1882 possederit,
1436 1823 1437 1826 ¹

215 1882 323 1974 ,statim
344 1904 425 1964 earn,
439 1903 512 1945 curn
534 1881 598 1942 anti
625 1883 659 1944 ui
681 1893 713 1944 et
730 1883 895 1947 evidentes
919 1881 957 1944 ab
980 1881 1213 1964 inspectoribus
1241 1877 1325 1940 fines

215 1973 446 2054 agnoscuntur,
468 1963 591 2027 amittat
601 1906 734 2030 iiomino
752 1965 1008 2042 reformandam,
1024 1984 1085 2024 nec
1103 1975 1214 2026 contra
1228 1960 1325 2044 signa

218 2045 381 2123 tridentis
402 2048 506 2108 ullum
529 2045 644 2129 longae
668 2045 874 2129 possessionis
902 2055 1027 2129 tempus
1049 2055 1199 2130 opponat.

217 2127 249 2204 j·
304 2129 364 2197 Ν.
403 2125 698 2212 Nisi'comparavit
724 2127 917 2210 abaliquo,
947 2140 1026 2191 tunc
1053 2130 1257 2194 venditorem
1275 2149 1326 2190 os·

216 2211 343 2300 tendat,
363 2220 399 2274 et
423 2211 603 2276 secuudum
624 2211 730 2296 legem
752 2211 917 2274 definiant.

401 2362 481 2427 cn».
504 2359 565 2427 lv.
607 2359 662 2423 De
684 2363 768 2420 nouo
790 2359 921 2421 termino
940 2359 1149 2446 probibendo.

300 2472 328 2541 L
349 2475 449 2536 Nemo
468 2495 589 2537 norum
608 2474 782 2535 terminum
802 2475 872 2538 sine
889 2495 1051 2537 consensu
1072 2475 1170 2558 partis
1190 2473 1325 2538 alterius

219 2565 274 2620 aut
300 2558 370 2620 sine
397 2557 578 2638 inspectore
603 2557 785 2630 constituat.
1182 2567 1187 2578 ⁴

300 2641 344 2703 II.
386 2639 482 2718 Quod
503 2637 530 2702 si
551 2640 634 2702 forte
654 2638 737 2702 liber
757 2639 820 2701 boc
837 2639 963 2716 iecerit,
985 2640 1138 2701 damnum
1160 2640 1325 2724 pervasio·

217 2715 269 2801 iiis¹
288 2721 446 2808 'excipiat
469 2721 557 2803 quod
579 2721 704 2804 legibus
721 2723 924 2796 continetur,
946 2722 980 2783 id
1001 2731 1059 2785 est.
1082 2746 1138 2785 sex
1163 2723 1293 2790 soiidos.

225 2805 239 2826 *
280 2801 360 2866 'lib
403 2805 437 2865 si
462 2825 539 2864 vero
565 2824 676 2865 servus
705 2805 767 2864 hoc
796 2804 958 2865 admiserit
980 2803 1112 2867 domino
1140 2806 1323 2884 nesciente,

217 2889 358 2951 ducenta
385 2886 510 2968 flagella
535 2885 664 2969 publice
692 2895 844 2948 extensus
869 2885 1021 2970 accipiat,
1050 2895 1084 2950 et
1118 2889 1246 2950 nullam
1282 2909 1323 2951 ex

217 2967 540 3058 biic'praeiudicium
567 2968 698 3030 domino
715 2979 930 3052 comparetur.

220 3053 294 3087 nnc-‚t
342 3073 345 3082 ι

404 3117 503 3181 >Can
522 3115 566 3180 V,
608 3116 663 3178 De
691 3115 789 3195 signis
814 3135 879 3177 non
895 3114 1107 3184 evidentibus.

299 3229 460 3310 Quotiens
485 3228 799 3292 de-commarohanis
819 3231 985 3293 contentio
1004 3232 1156 3311 nascitur,
1178 3232 1235 3294 ubi
1253 3233 1321 3295 evi-

217 3313 328 3375 dentia
357 3311 541 3393 siguuqnon
565 3313 773 3394 appareat'in
806 3313 989 3391 arboribus,
1021 3323 1076 3374 aut
1103 3315 1135 3375 iu
1160 3317 1319 3392 montibus

219 3416 281 3455 uec
304 3395 336 3452 in
359 3394 555 3472 fluminibus,
578 3405 610 3455 et
633 3395 691 3456 iste
713 3395 807 3457 dicit:
835 3397 1007 3477 Hucusque
1028 3409 1243 3461 antecessores
1259 3399 1320 3462 mei

216 3485 412 3553 tenuerunt,
445 3485 475 3536 et
501 3475 534 3536 in
561 3476 689 3539 alodem
707 3477 787 3539 mibi
809 3479 1033 3560 reliquerunt,
1055 3489 1087 3545 et
1102 3482 1248 3544 ostendit
1270 3503 1320 3543 se·

216 3558 361 3620 cundum
385 3557 549 3640 proprium
580 3557 748 3619 arbitrium
779 3561 905 3632 locum;
935 3560 1017 3621 aiter
1048 3584 1127 3625 vero
1155 3563 1320 3645 nihilomi-

217 3653 279 3701 nus
302 3641 335 3699 in
361 3640 451 3702 istius
476 3648 597 3721 partem
613 3641 815 3723 ingreditur,
837 3643 936 3702 aliurn
963 3644 1105 3705 ostendit
1129 3648 1255 3725 locum,
1277 3645 1321 3707 se·

217 3723 359 3784 eundum
383 3724 499 3805 prioris
526 3723 625 3786 verba
653 3743 746 3784 suum
770 3733 803 3785 et
824 3745 957 3785 snorum
980 3736 1218 3791 antecessorum
1239 3747 1321 3790 sem-

215 3809 275 3890 per
299 3805 398 3867 fuisse
423 3827 525 3888 usque
552 3804 586 3872 in
608 3825 758 3888 praeseus
787 3805 908 3869 asserit.
968 3807 1011 3870 Et
1039 3808 1067 3872 ai
1096 3812 1159 3873 alia
1177 3811 1320 3898 probatio

217 4061 267 4096 nos
285 4044 350 4110 (At.
370 4015 458 4098 ded.
477 4029 555 4099 notos
571 4009 778 4114 vicinosicum
798 4045 844 4102 Vr.
868 4046 919 4099 sol.
941 4009 1098 4120 comportat.v
1137 4049 1168 4100 Si
1183 4067 1255 4102 serv·
1273 4066 1320 4120 per
1351 4079 1355 4086 ·

215 4114 288 4194 sing.
314 4116 395 4196 signo
423 4115 453 4166 L.
474 4115 548 4185 flag.
575 4116 717 4184 smcipiat.
753 4114 873 4171 Consule
899 4115 982 4170 etiam
1011 4119 1090 4184 Legit
1102 4119 1319 4185 wisigothorum

216 4182 931 4318 ffiffi;.=tffi;},}-t;j‚t²²”³⁶if‘tt‘f'ftt‘fft'f&
950 4185 1318 4311 pinendenam

959 4307 962 4320 t
986 4300 1057 4338 'rupe
1092 4300 1117 4321 Μ
1142 4301 1202 4338 ἿΛ.
1230 4311 1260 4324 ..t
1316 4299 1320 4318 i

1026 4362 1030 4373 Ι
