<?xml version="1.0" encoding="UTF-8"?>
<!DOCTYPE html PUBLIC "-//W3C//DTD XHTML 1.0 Transitional//EN"
    "http://www.w3.org/TR/xhtml1/DTD/xhtml1-transitional.dtd">
<html xmlns="http://www.w3.org/1999/xhtml" xml:lang="en" lang="en">
 <head>
  <title>
</title>
<meta http-equiv="Content-Type" content="text/html;charset=utf-8" />
  <meta name='ocr-system' content='tesseract 3.04.00' />
  <meta name='ocr-capabilities' content='ocr_page ocr_carea ocr_par ocr_line ocrx_word'/>
</head>
<body>
  <div class='ocr_page' id='page_1' title='image "./corpusiurisgerm02visigoog/corpusiurisgerm02visigoog_0142.png"; bbox 0 0 2876 4992; ppageno 0'>
   <div class='ocr_carea' id='block_1_1' title="bbox 484 237 1247 358">
    <p class='ocr_par' dir='ltr' id='par_1_1' title="bbox 484 237 1247 358">
     <span class='ocr_line' id='line_1_1' title="bbox 484 237 1247 358; baseline 0.01 -24"><span class='ocrx_word' id='word_1_1' title='bbox 484 237 637 336; x_wconf 68' lang='lat' dir='ltr'><strong>iccium</strong></span> <span class='ocrx_word' id='word_1_2' title='bbox 655 279 702 334; x_wconf 71' lang='lat' dir='ltr'><strong>ni</strong></span> <span class='ocrx_word' id='word_1_3' title='bbox 721 279 905 358; x_wconf 58' lang='lat' dir='ltr'><strong>comicini</strong></span> <span class='ocrx_word' id='word_1_4' title='bbox 1179 267 1247 344; x_wconf 76' lang='lat'><strong>121</strong></span> 
     </span>
    </p>
   </div>
   <div class='ocr_carea' id='block_1_2' title="bbox 124 417 1250 1996">
    <p class='ocr_par' dir='ltr' id='par_1_2' title="bbox 138 417 1032 605">
     <span class='ocr_line' id='line_1_2' title="bbox 138 417 673 506; baseline 0.009 -27"><span class='ocrx_word' id='word_1_5' title='bbox 138 417 310 506; x_wconf 70' lang='lat' dir='ltr'><em>leodardi)</em></span> <span class='ocrx_word' id='word_1_6' title='bbox 331 429 406 485; x_wconf 76' lang='lat' dir='ltr'>sunt</span> <span class='ocrx_word' id='word_1_7' title='bbox 433 419 501 492; x_wconf 76' lang='lat' dir='ltr'><strong>din.</strong></span> <span class='ocrx_word' id='word_1_8' title='bbox 532 420 604 492; x_wconf 61' lang='lat' dir='ltr'><strong>Dc..</strong></span> <span class='ocrx_word' id='word_1_9' title='bbox 627 421 673 484; x_wconf 73' lang='lat' dir='ltr'><strong>fu·</strong></span> 
     </span>
     <span class='ocr_line' id='line_1_3' title="bbox 139 501 1032 605; baseline 0.009 -43"><span class='ocrx_word' id='word_1_10' title='bbox 139 501 234 564; x_wconf 79' lang='lat' dir='ltr'><strong>cinnt</strong></span> <span class='ocrx_word' id='word_1_11' title='bbox 246 504 307 566; x_wconf 86' lang='lat' dir='ltr'><strong>sol.</strong></span> <span class='ocrx_word' id='word_1_12' title='bbox 326 506 394 568; x_wconf 80' lang='lat' dir='ltr'><strong>XV·</strong></span> <span class='ocrx_word' id='word_1_13' title='bbox 409 505 495 588; x_wconf 83' lang='lat' dir='ltr'><strong>culp.</strong></span> <span class='ocrx_word' id='word_1_14' title='bbox 515 503 583 571; x_wconf 84' lang='lat' dir='ltr'><strong>iud.</strong></span> <span class='ocrx_word' id='word_1_15' title='bbox 774 581 781 598; x_wconf 91' lang='lat'><strong>.</strong></span> <span class='ocrx_word' id='word_1_16' title='bbox 851 580 860 598; x_wconf 89' lang='lat'><strong>.</strong></span> <span class='ocrx_word' id='word_1_17' title='bbox 904 585 912 602; x_wconf 32' lang='grc' dir='ltr'>ι</span> <span class='ocrx_word' id='word_1_18' title='bbox 1025 588 1032 605; x_wconf 31' lang='grc' dir='ltr'>ι</span> 
     </span>
    </p>

    <p class='ocr_par' dir='ltr' id='par_1_3' title="bbox 129 583 1250 1062">
     <span class='ocr_line' id='line_1_4' title="bbox 174 583 1246 667; baseline 0.012 -24"><span class='ocrx_word' id='word_1_19' title='bbox 174 585 212 644; x_wconf 86' lang='lat' dir='ltr'><strong>Si</strong></span> <span class='ocrx_word' id='word_1_20' title='bbox 227 587 301 667; x_wconf 88' lang='lat' dir='ltr'>quis</span> <span class='ocrx_word' id='word_1_21' title='bbox 319 587 353 646; x_wconf 88' lang='lat' dir='ltr'><strong>in</strong></span> <span class='ocrx_word' id='word_1_22' title='bbox 369 587 504 664; x_wconf 79' lang='lat' dir='ltr'>nabina,</span> <span class='ocrx_word' id='word_1_23' title='bbox 526 587 560 646; x_wconf 91' lang='lat' dir='ltr'><strong>in</strong></span> <span class='ocrx_word' id='word_1_24' title='bbox 582 587 674 649; x_wconf 82' lang='lat' dir='ltr'><strong>fava·</strong></span> <span class='ocrx_word' id='word_1_25' title='bbox 748 583 783 646; x_wconf 78' lang='lat' dir='ltr'><strong>Sl</strong></span> <span class='ocrx_word' id='word_1_26' title='bbox 804 601 878 664; x_wconf 81' lang='lat' dir='ltr'><strong>quls</strong></span> <span class='ocrx_word' id='word_1_27' title='bbox 902 608 936 647; x_wconf 84' lang='grc' dir='ltr'><strong>ιη</strong></span> <span class='ocrx_word' id='word_1_28' title='bbox 962 609 1077 651; x_wconf 86' lang='lat' dir='ltr'>navma</span> <span class='ocrx_word' id='word_1_29' title='bbox 1098 592 1132 654; x_wconf 88' lang='lat' dir='ltr'><strong>in</strong></span> <span class='ocrx_word' id='word_1_30' title='bbox 1159 592 1246 656; x_wconf 75' lang='lat' dir='ltr'><strong>faha-</strong></span> 
     </span>
     <span class='ocr_line' id='line_1_5' title="bbox 133 665 1250 765; baseline 0.009 -39"><span class='ocrx_word' id='word_1_31' title='bbox 133 665 183 726; x_wconf 82' lang='lat' dir='ltr'><strong>ria</strong></span> <span class='ocrx_word' id='word_1_32' title='bbox 210 666 243 726; x_wconf 90' lang='lat' dir='ltr'><strong>in</strong></span> <span class='ocrx_word' id='word_1_33' title='bbox 266 669 408 750; x_wconf 85' lang='lat' dir='ltr'>pesaria,</span> <span class='ocrx_word' id='word_1_34' title='bbox 438 669 471 729; x_wconf 89' lang='lat' dir='ltr'><strong>in</strong></span> <span class='ocrx_word' id='word_1_35' title='bbox 499 667 674 764; x_wconf 59' lang='lat' dir='ltr'><strong>linticlaric</strong></span> <span class='ocrx_word' id='word_1_36' title='bbox 706 665 755 727; x_wconf 83' lang='lat' dir='ltr'><strong>ria</strong></span> <span class='ocrx_word' id='word_1_37' title='bbox 764 665 798 725; x_wconf 87' lang='lat' dir='ltr'><strong>in</strong></span> <span class='ocrx_word' id='word_1_38' title='bbox 816 665 989 765; x_wconf 62' lang='lat' dir='ltr'>lentilicria</span> <span class='ocrx_word' id='word_1_39' title='bbox 1009 673 1042 734; x_wconf 89' lang='lat' dir='ltr'><strong>in</strong></span> <span class='ocrx_word' id='word_1_40' title='bbox 1061 675 1186 738; x_wconf 77' lang='lat' dir='ltr'><strong>furtum</strong></span> <span class='ocrx_word' id='word_1_41' title='bbox 1201 675 1250 736; x_wconf 90' lang='lat' dir='ltr'><strong>in-</strong></span> 
     </span>
     <span class='ocr_line' id='line_1_6' title="bbox 130 747 1248 906; baseline 0.014 -101"><span class='ocrx_word' id='word_1_42' title='bbox 130 747 169 889; x_wconf 61' lang='lat' dir='ltr'><strong>}n</strong></span> <span class='ocrx_word' id='word_1_43' title='bbox 183 749 672 894; x_wconf 55' lang='grc' dir='ltr'><strong>ἷυτῐυᾶηὶηξτεεεαεῖυετὶι,ιοαι</strong></span> <span class='ocrx_word' id='word_1_44' title='bbox 706 769 831 906; x_wconf 52' lang='lat' dir='ltr'>{misus</span> <span class='ocrx_word' id='word_1_45' title='bbox 853 749 953 894; x_wconf 57' lang='lat' dir='ltr'>{ugia</span> <span class='ocrx_word' id='word_1_46' title='bbox 979 761 1092 900; x_wconf 49' lang='grc' dir='ltr'><strong>ἓιςῶιῖ.</strong></span> <span class='ocrx_word' id='word_1_47' title='bbox 1117 759 1248 904; x_wconf 63' lang='lat' dir='ltr'><strong>lecdfac·</strong></span> 
     </span>
     <span class='ocr_line' id='line_1_7' title="bbox 147 831 1246 908; baseline 0.015 -20"><span class='ocrx_word' id='word_1_48' title='bbox 147 831 267 890; x_wconf 82' lang='lat' dir='ltr'>uerita</span> <span class='ocrx_word' id='word_1_49' title='bbox 313 855 351 894; x_wconf 89' lang='lat' dir='ltr'><strong>ro</strong></span> <span class='ocrx_word' id='word_1_50' title='bbox 375 843 461 894; x_wconf 81' lang='lat' dir='ltr'><strong>atum</strong></span> <span class='ocrx_word' id='word_1_51' title='bbox 501 854 590 896; x_wconf 74' lang='lat' dir='ltr'><strong>mcc.</strong></span> <span class='ocrx_word' id='word_1_52' title='bbox 624 855 675 895; x_wconf 82' lang='lat' dir='ltr'><strong>eo·</strong></span> <span class='ocrx_word' id='word_1_53' title='bbox 730 853 748 892; x_wconf 90' lang='grc' dir='ltr'><em>ο</em></span> <span class='ocrx_word' id='word_1_54' title='bbox 793 852 853 894; x_wconf 81' lang='lat' dir='ltr'><strong>sun</strong></span> <span class='ocrx_word' id='word_1_55' title='bbox 910 851 959 902; x_wconf 82' lang='lat' dir='ltr'><strong>en.</strong></span> <span class='ocrx_word' id='word_1_56' title='bbox 1074 886 1081 902; x_wconf 93' lang='lat'><strong>.</strong></span> <span class='ocrx_word' id='word_1_57' title='bbox 1131 863 1165 902; x_wconf 81' lang='lat' dir='ltr'><strong>ul</strong></span> <span class='ocrx_word' id='word_1_58' title='bbox 1199 847 1246 908; x_wconf 77' lang='lat' dir='ltr'><strong>ac&#39;.</strong></span> 
     </span>
     <span class='ocr_line' id='line_1_8' title="bbox 130 838 1128 1003; baseline 0.014 -33"><span class='ocrx_word' id='word_1_59' title='bbox 130 911 249 995; x_wconf 79' lang='lat' dir='ltr'><em>dardi)</em></span> <span class='ocrx_word' id='word_1_60' title='bbox 261 857 345 980; x_wconf 60' lang='lat' dir='ltr'><strong>sulit.</strong></span> <span class='ocrx_word' id='word_1_61' title='bbox 357 916 423 980; x_wconf 87' lang='lat' dir='ltr'><strong>din.</strong></span> <span class='ocrx_word' id='word_1_62' title='bbox 438 838 537 984; x_wconf 73' lang='lat' dir='ltr'><strong>CXX.</strong></span> <span class='ocrx_word' id='word_1_63' title='bbox 549 916 673 978; x_wconf 79' lang='lat' dir='ltr'><strong>faciunt</strong></span> <span class='ocrx_word' id='word_1_64' title='bbox 706 913 766 980; x_wconf 76' lang='lat' dir='ltr'><strong>sol.</strong></span> <span class='ocrx_word' id='word_1_65' title='bbox 787 911 845 979; x_wconf 81' lang='lat' dir='ltr'><strong>III.</strong></span> <span class='ocrx_word' id='word_1_66' title='bbox 867 917 952 1003; x_wconf 79' lang='lat' dir='ltr'><strong>culp.</strong></span> <span class='ocrx_word' id='word_1_67' title='bbox 969 920 1036 984; x_wconf 86' lang='lat' dir='ltr'><strong>iud.</strong></span> <span class='ocrx_word' id='word_1_68' title='bbox 1106 861 1128 924; x_wconf 75' lang='lat' dir='ltr'><strong>q</strong></span> 
     </span>
     <span class='ocr_line' id='line_1_9' title="bbox 129 995 1077 1062; baseline 0.014 -7"><span class='ocrx_word' id='word_1_69' title='bbox 129 995 193 1055; x_wconf 75' lang='lat' dir='ltr'><strong>sol.</strong></span> <span class='ocrx_word' id='word_1_70' title='bbox 210 997 270 1062; x_wconf 81' lang='lat'><strong>111.</strong></span> <span class='ocrx_word' id='word_1_71' title='bbox 287 998 341 1056; x_wconf 89' lang='lat' dir='ltr'><strong>cul</strong></span> <span class='ocrx_word' id='word_1_72' title='bbox 367 1042 375 1058; x_wconf 94' lang='lat'><strong>.</strong></span> <span class='ocrx_word' id='word_1_73' title='bbox 394 997 459 1059; x_wconf 85' lang='lat' dir='ltr'><strong>iud.</strong></span> <span class='ocrx_word' id='word_1_74' title='bbox 1074 1017 1077 1022; x_wconf 87' lang='lat'>&#39;</span> 
     </span>
    </p>

    <p class='ocr_par' dir='ltr' id='par_1_4' title="bbox 124 1020 1245 1656">
     <span class='ocr_line' id='line_1_10' title="bbox 172 1020 1245 1168; baseline 0.014 -30"><span class='ocrx_word' id='word_1_75' title='bbox 172 1077 210 1138; x_wconf 83' lang='lat' dir='ltr'><strong>si</strong></span> <span class='ocrx_word' id='word_1_76' title='bbox 238 1079 310 1160; x_wconf 83' lang='lat' dir='ltr'>quis</span> <span class='ocrx_word' id='word_1_77' title='bbox 343 1020 383 1141; x_wconf 66' lang='lat' dir='ltr'><strong>ie</strong></span> <span class='ocrx_word' id='word_1_78' title='bbox 421 1101 531 1162; x_wconf 82' lang='lat' dir='ltr'><strong>campo</strong></span> <span class='ocrx_word' id='word_1_79' title='bbox 562 1079 671 1140; x_wconf 81' lang='lat' dir='ltr'>alieno</span> <span class='ocrx_word' id='word_1_80' title='bbox 745 1076 779 1142; x_wconf 88' lang='lat' dir='ltr'><strong>si</strong></span> <span class='ocrx_word' id='word_1_81' title='bbox 800 1077 872 1162; x_wconf 82' lang='lat' dir='ltr'>quis</span> <span class='ocrx_word' id='word_1_82' title='bbox 890 1076 930 1142; x_wconf 85' lang='lat' dir='ltr'><strong>de</strong></span> <span class='ocrx_word' id='word_1_83' title='bbox 949 1103 1060 1168; x_wconf 83' lang='lat' dir='ltr'><strong>campo</strong></span> <span class='ocrx_word' id='word_1_84' title='bbox 1081 1087 1189 1151; x_wconf 82' lang='lat' dir='ltr'>alieno</span> <span class='ocrx_word' id='word_1_85' title='bbox 1207 1089 1245 1152; x_wconf 87' lang='lat' dir='ltr'><strong>li-</strong></span> 
     </span>
     <span class='ocr_line' id='line_1_11' title="bbox 127 1160 1241 1248; baseline 0.014 -30"><span class='ocrx_word' id='word_1_86' title='bbox 127 1180 234 1220; x_wconf 82' lang='lat' dir='ltr'><strong>messe</strong></span> <span class='ocrx_word' id='word_1_87' title='bbox 254 1162 410 1224; x_wconf 83' lang='lat' dir='ltr'>furaverit</span> <span class='ocrx_word' id='word_1_88' title='bbox 430 1172 462 1224; x_wconf 80' lang='lat' dir='ltr'><strong>et</strong></span> <span class='ocrx_word' id='word_1_89' title='bbox 480 1163 542 1225; x_wconf 91' lang='lat' dir='ltr'><strong>hoc</strong></span> <span class='ocrx_word' id='word_1_90' title='bbox 560 1173 616 1224; x_wconf 84' lang='lat' dir='ltr'><strong>aut</strong></span> <span class='ocrx_word' id='word_1_91' title='bbox 635 1162 670 1222; x_wconf 87' lang='lat' dir='ltr'><strong>in</strong></span> <span class='ocrx_word' id='word_1_92' title='bbox 692 1183 747 1248; x_wconf 83' lang='lat' dir='ltr'><strong>¹no</strong></span> <span class='ocrx_word' id='word_1_93' title='bbox 766 1160 922 1223; x_wconf 80' lang='lat' dir='ltr'>furaverit</span> <span class='ocrx_word' id='word_1_94' title='bbox 946 1174 978 1226; x_wconf 86' lang='lat' dir='ltr'><strong>et</strong></span> <span class='ocrx_word' id='word_1_95' title='bbox 1000 1167 1034 1226; x_wconf 92' lang='lat' dir='ltr'><strong>in</strong></span> <span class='ocrx_word' id='word_1_96' title='bbox 1059 1190 1150 1233; x_wconf 85' lang='lat' dir='ltr'><strong>carro</strong></span> <span class='ocrx_word' id='word_1_97' title='bbox 1179 1171 1241 1236; x_wconf 85' lang='lat' dir='ltr'><strong>du&#39;-</strong></span> 
     </span>
     <span class='ocr_line' id='line_1_12' title="bbox 127 1241 1242 1333; baseline 0.013 -32"><span class='ocrx_word' id='word_1_98' title='bbox 127 1241 259 1302; x_wconf 80' lang='lat' dir='ltr'>caballo</span> <span class='ocrx_word' id='word_1_99' title='bbox 286 1253 341 1302; x_wconf 80' lang='lat' dir='ltr'><strong>aut</strong></span> <span class='ocrx_word' id='word_1_100' title='bbox 367 1243 401 1304; x_wconf 90' lang='lat' dir='ltr'><strong>in</strong></span> <span class='ocrx_word' id='word_1_101' title='bbox 431 1267 521 1306; x_wconf 83' lang='lat' dir='ltr'><strong>carro</strong></span> <span class='ocrx_word' id='word_1_102' title='bbox 542 1243 673 1306; x_wconf 81' lang='lat' dir='ltr'>duxerit</span> <span class='ocrx_word' id='word_1_103' title='bbox 702 1243 789 1306; x_wconf 82' lang='lat' dir='ltr'>xerit</span> <span class='ocrx_word' id='word_1_104' title='bbox 832 1249 930 1319; x_wconf 69' lang='lat' dir='ltr'><strong>(mu</strong></span> <span class='ocrx_word' id='word_1_105' title='bbox 963 1247 1137 1333; x_wconf 69' lang='lat' dir='ltr'><em>leudardo&#39;)</em></span> <span class='ocrx_word' id='word_1_106' title='bbox 1163 1260 1242 1318; x_wconf 74' lang='lat' dir='ltr'><strong>sun‘t</strong></span> 
     </span>
     <span class='ocr_line' id='line_1_13' title="bbox 126 1323 1242 1416; baseline 0.014 -32"><span class='ocrx_word' id='word_1_107' title='bbox 126 1323 172 1384; x_wconf 81' lang='lat' dir='ltr'><strong>ad</strong></span> <span class='ocrx_word' id='word_1_108' title='bbox 194 1323 324 1384; x_wconf 87' lang='lat' dir='ltr'><strong>domum</strong></span> <span class='ocrx_word' id='word_1_109' title='bbox 338 1348 447 1405; x_wconf 83' lang='lat' dir='ltr'><strong>suam,</strong></span> <span class='ocrx_word' id='word_1_110' title='bbox 469 1335 502 1388; x_wconf 84' lang='lat' dir='ltr'><strong>ct</strong></span> <span class='ocrx_word' id='word_1_111' title='bbox 523 1327 553 1388; x_wconf 88' lang='lat' dir='ltr'><strong>ci</strong></span> <span class='ocrx_word' id='word_1_112' title='bbox 570 1326 672 1389; x_wconf 81' lang='lat' dir='ltr'>suerit</span> <span class='ocrx_word' id='word_1_113' title='bbox 704 1327 778 1390; x_wconf 89' lang='lat' dir='ltr'><strong>den.</strong></span> <span class='ocrx_word' id='word_1_114' title='bbox 795 1323 940 1392; x_wconf 84' lang='lat' dir='ltr'><strong>1DCCC.</strong></span> <span class='ocrx_word' id='word_1_115' title='bbox 962 1329 1020 1414; x_wconf 87' lang='lat' dir='ltr'><strong>qui</strong></span> <span class='ocrx_word' id='word_1_116' title='bbox 1043 1333 1167 1416; x_wconf 72' lang='lat' dir='ltr'><strong>faciunt</strong></span> <span class='ocrx_word' id='word_1_117' title='bbox 1182 1337 1242 1402; x_wconf 85' lang='lat' dir='ltr'><strong>sol.</strong></span> 
     </span>
     <span class='ocr_line' id='line_1_14' title="bbox 126 1405 991 1498; baseline 0.006 -32"><span class='ocrx_word' id='word_1_118' title='bbox 126 1405 341 1487; x_wconf 78' lang='lat' dir='ltr'><strong>adprobatum</strong></span> <span class='ocrx_word' id='word_1_119' title='bbox 369 1413 475 1488; x_wconf 66' lang='lat' dir='ltr'><strong>(iiiii.</strong></span> <span class='ocrx_word' id='word_1_120' title='bbox 502 1409 670 1488; x_wconf 82' lang='lat' dir='ltr'><em>leodardi)</em></span> <span class='ocrx_word' id='word_1_121' title='bbox 701 1409 799 1478; x_wconf 85' lang='lat' dir='ltr'><strong>XLV.</strong></span> <span class='ocrx_word' id='word_1_122' title='bbox 819 1407 904 1498; x_wconf 83' lang='lat' dir='ltr'><strong>culp.</strong></span> <span class='ocrx_word' id='word_1_123' title='bbox 924 1409 991 1480; x_wconf 79' lang='lat' dir='ltr'>iud,</span> 
     </span>
     <span class='ocr_line' id='line_1_15' title="bbox 126 1489 670 1554; baseline 0.007 -4"><span class='ocrx_word' id='word_1_124' title='bbox 126 1497 208 1550; x_wconf 81' lang='lat' dir='ltr'>sunt</span> <span class='ocrx_word' id='word_1_125' title='bbox 228 1489 371 1552; x_wconf 85' lang='lat' dir='ltr'>dinarius</span> <span class='ocrx_word' id='word_1_126' title='bbox 392 1493 459 1552; x_wconf 89' lang='lat' dir='ltr'><strong>DC.</strong></span> <span class='ocrx_word' id='word_1_127' title='bbox 474 1492 598 1554; x_wconf 84' lang='lat' dir='ltr'>faciunt</span> <span class='ocrx_word' id='word_1_128' title='bbox 610 1491 670 1554; x_wconf 88' lang='lat' dir='ltr'><strong>sol.</strong></span> 
     </span>
     <span class='ocr_line' id='line_1_16' title="bbox 124 1569 670 1656; baseline 0.005 -23"><span class='ocrx_word' id='word_1_129' title='bbox 124 1569 201 1633; x_wconf 84' lang='lat' dir='ltr'><strong>XV.</strong></span> <span class='ocrx_word' id='word_1_130' title='bbox 214 1572 298 1654; x_wconf 84' lang='lat' dir='ltr'><strong>culp.</strong></span> <span class='ocrx_word' id='word_1_131' title='bbox 310 1573 376 1634; x_wconf 89' lang='lat' dir='ltr'><strong>iud.</strong></span> <span class='ocrx_word' id='word_1_132' title='bbox 388 1595 457 1637; x_wconf 80' lang='lat' dir='ltr'><strong>cxc.</strong></span> <span class='ocrx_word' id='word_1_133' title='bbox 475 1596 543 1656; x_wconf 86' lang='lat' dir='ltr'><strong>cap.</strong></span> <span class='ocrx_word' id='word_1_134' title='bbox 564 1582 597 1635; x_wconf 87' lang='lat' dir='ltr'><strong>ct</strong></span> <span class='ocrx_word' id='word_1_135' title='bbox 613 1574 670 1636; x_wconf 82' lang='lat' dir='ltr'><strong>dil.</strong></span> 
     </span>
    </p>

    <p class='ocr_par' dir='ltr' id='par_1_5' title="bbox 126 1652 1241 1996">
     <span class='ocr_line' id='line_1_17' title="bbox 170 1652 1241 1750; baseline 0.016 -36"><span class='ocrx_word' id='word_1_136' title='bbox 170 1652 207 1714; x_wconf 77' lang='lat' dir='ltr'><strong>si</strong></span> <span class='ocrx_word' id='word_1_137' title='bbox 223 1657 295 1734; x_wconf 85' lang='lat' dir='ltr'>quis</span> <span class='ocrx_word' id='word_1_138' title='bbox 309 1677 386 1717; x_wconf 85' lang='lat' dir='ltr'>vero</span> <span class='ocrx_word' id='word_1_139' title='bbox 405 1654 438 1714; x_wconf 91' lang='lat' dir='ltr'><strong>in</strong></span> <span class='ocrx_word' id='word_1_140' title='bbox 454 1656 584 1718; x_wconf 84' lang='lat' dir='ltr'>dorsum</span> <span class='ocrx_word' id='word_1_141' title='bbox 599 1678 670 1742; x_wconf 84' lang='lat' dir='ltr'><strong>por·</strong></span> <span class='ocrx_word' id='word_1_142' title='bbox 742 1653 777 1716; x_wconf 83' lang='lat' dir='ltr'><strong>Si</strong></span> <span class='ocrx_word' id='word_1_143' title='bbox 792 1677 869 1719; x_wconf 75' lang='lat' dir='ltr'><strong>vero</strong></span> <span class='ocrx_word' id='word_1_144' title='bbox 883 1667 1005 1722; x_wconf 80' lang='lat' dir='ltr'>tantum</span> <span class='ocrx_word' id='word_1_145' title='bbox 1016 1685 1241 1750; x_wconf 82' lang='lat' dir='ltr'><strong>praesumpse-</strong></span> 
     </span>
     <span class='ocr_line' id='line_1_18' title="bbox 126 1735 1239 1823; baseline 0.015 -28"><span class='ocrx_word' id='word_1_146' title='bbox 126 1736 247 1795; x_wconf 80' lang='lat' dir='ltr'><strong>tavcrit</strong></span> <span class='ocrx_word' id='word_1_147' title='bbox 274 1740 381 1810; x_wconf 70' lang='lat' dir='ltr'><strong>(mni.</strong></span> <span class='ocrx_word' id='word_1_148' title='bbox 408 1737 571 1816; x_wconf 81' lang='lat' dir='ltr'><em>leodardi)</em></span> <span class='ocrx_word' id='word_1_149' title='bbox 592 1748 668 1800; x_wconf 79' lang='lat' dir='ltr'><strong>sunt</strong></span> <span class='ocrx_word' id='word_1_150' title='bbox 699 1735 742 1798; x_wconf 82' lang='lat' dir='ltr'><strong>rit</strong></span> <span class='ocrx_word' id='word_1_151' title='bbox 765 1743 970 1823; x_wconf 85' lang='lat' dir='ltr'>quantumin</span> <span class='ocrx_word' id='word_1_152' title='bbox 994 1745 1122 1808; x_wconf 89' lang='lat' dir='ltr'>dorsum</span> <span class='ocrx_word' id='word_1_153' title='bbox 1145 1767 1239 1811; x_wconf 83' lang='lat' dir='ltr'><strong>suum</strong></span> 
     </span>
     <span class='ocr_line' id='line_1_19' title="bbox 127 1813 1237 1918; baseline 0.017 -42"><span class='ocrx_word' id='word_1_154' title='bbox 127 1814 199 1876; x_wconf 87' lang='lat' dir='ltr'><strong>din.</strong></span> <span class='ocrx_word' id='word_1_155' title='bbox 235 1813 332 1880; x_wconf 89' lang='lat' dir='ltr'>CXX.</span> <span class='ocrx_word' id='word_1_156' title='bbox 362 1820 489 1882; x_wconf 77' lang='lat' dir='ltr'><strong>faciunt</strong></span> <span class='ocrx_word' id='word_1_157' title='bbox 519 1821 578 1884; x_wconf 80' lang='lat' dir='ltr'><strong>sol.</strong></span> <span class='ocrx_word' id='word_1_158' title='bbox 603 1822 667 1885; x_wconf 82' lang='lat' dir='ltr'><strong>Ill.</strong></span> <span class='ocrx_word' id='word_1_159' title='bbox 699 1831 826 1902; x_wconf 83' lang='lat' dir='ltr'><strong>portare</strong></span> <span class='ocrx_word' id='word_1_160' title='bbox 841 1825 948 1906; x_wconf 81' lang='lat' dir='ltr'><strong>potnit</strong></span> <span class='ocrx_word' id='word_1_161' title='bbox 962 1848 986 1892; x_wconf 88' lang='lat' dir='ltr'><strong>s.</strong></span> <span class='ocrx_word' id='word_1_162' title='bbox 1004 1827 1078 1900; x_wconf 80' lang='lat' dir='ltr'><strong>den.</strong></span> <span class='ocrx_word' id='word_1_163' title='bbox 1094 1829 1162 1904; x_wconf 87' lang='lat' dir='ltr'><strong>DC.</strong></span> <span class='ocrx_word' id='word_1_164' title='bbox 1178 1832 1237 1918; x_wconf 84' lang='lat' dir='ltr'><strong>qui</strong></span> 
     </span>
     <span class='ocr_line' id='line_1_20' title="bbox 126 1898 1179 1996; baseline 0.018 -38"><span class='ocrx_word' id='word_1_165' title='bbox 126 1899 217 1984; x_wconf 85' lang='lat' dir='ltr'><strong>culp.</strong></span> <span class='ocrx_word' id='word_1_166' title='bbox 237 1898 303 1968; x_wconf 79' lang='lat' dir='ltr'>iud,</span> <span class='ocrx_word' id='word_1_167' title='bbox 588 1908 590 1916; x_wconf 78' lang='grc'>’</span> <span class='ocrx_word' id='word_1_168' title='bbox 698 1901 823 1964; x_wconf 84' lang='lat' dir='ltr'><strong>faciunt</strong></span> <span class='ocrx_word' id='word_1_169' title='bbox 840 1907 898 1967; x_wconf 82' lang='lat' dir='ltr'><strong>sol.</strong></span> <span class='ocrx_word' id='word_1_170' title='bbox 916 1907 991 1977; x_wconf 84' lang='lat' dir='ltr'><strong>XV.</strong></span> <span class='ocrx_word' id='word_1_171' title='bbox 1007 1913 1094 1996; x_wconf 84' lang='lat' dir='ltr'><strong>culp.</strong></span> <span class='ocrx_word' id='word_1_172' title='bbox 1112 1913 1179 1976; x_wconf 87' lang='lat' dir='ltr'><strong>iud.</strong></span> 
     </span>
    </p>
   </div>
   <div class='ocr_carea' id='block_1_3' title="bbox 925 2027 1011 2104">
    <p class='ocr_par' dir='ltr' id='par_1_6' title="bbox 925 2027 1011 2104">
     <span class='ocr_line' id='line_1_21' title="bbox 925 2027 1011 2104; baseline 0.081 -6"><span class='ocrx_word' id='word_1_173' title='bbox 925 2027 1011 2104; x_wconf 88' lang='lat' dir='ltr'><strong>XL.</strong></span> 
     </span>
    </p>
   </div>
   <div class='ocr_carea' id='block_1_4' title="bbox 118 2143 1284 3638">
    <p class='ocr_par' dir='ltr' id='par_1_7' title="bbox 122 2143 1284 2812">
     <span class='ocr_line' id='line_1_22' title="bbox 166 2143 1234 2236; baseline 0.026 -31"><span class='ocrx_word' id='word_1_174' title='bbox 166 2143 202 2206; x_wconf 86' lang='lat' dir='ltr'><strong>si</strong></span> <span class='ocrx_word' id='word_1_175' title='bbox 225 2148 297 2228; x_wconf 85' lang='lat' dir='ltr'>quis</span> <span class='ocrx_word' id='word_1_176' title='bbox 325 2160 416 2231; x_wconf 82' lang='lat' dir='ltr'><strong>prato</strong></span> <span class='ocrx_word' id='word_1_177' title='bbox 445 2151 552 2214; x_wconf 82' lang='lat' dir='ltr'>alieno</span> <span class='ocrx_word' id='word_1_178' title='bbox 574 2174 664 2216; x_wconf 80' lang='lat' dir='ltr'><strong>scca·</strong></span> <span class='ocrx_word' id='word_1_179' title='bbox 737 2149 773 2213; x_wconf 81' lang='lat' dir='ltr'><strong>Si</strong></span> <span class='ocrx_word' id='word_1_180' title='bbox 790 2151 861 2232; x_wconf 74' lang='lat' dir='ltr'>quis</span> <span class='ocrx_word' id='word_1_181' title='bbox 878 2163 1004 2236; x_wconf 70' lang='lat' dir='ltr'><strong>pratum</strong></span> <span class='ocrx_word' id='word_1_182' title='bbox 1021 2157 1165 2224; x_wconf 71' lang='lat' dir='ltr'>alienum</span> <span class='ocrx_word' id='word_1_183' title='bbox 1186 2183 1234 2226; x_wconf 71' lang='grc' dir='ltr'><strong>εθ-</strong></span> 
     </span>
     <span class='ocr_line' id='line_1_23' title="bbox 124 2228 1284 2321; baseline 0.016 -31"><span class='ocrx_word' id='word_1_184' title='bbox 124 2228 230 2304; x_wconf 83' lang='lat' dir='ltr'>verit,</span> <span class='ocrx_word' id='word_1_185' title='bbox 252 2251 348 2313; x_wconf 78' lang='lat' dir='ltr'>opera</span> <span class='ocrx_word' id='word_1_186' title='bbox 363 2255 420 2294; x_wconf 89' lang='lat' dir='ltr'><strong>sua</strong></span> <span class='ocrx_word' id='word_1_187' title='bbox 433 2236 566 2318; x_wconf 80' lang='lat' dir='ltr'><strong>perdat,</strong></span> <span class='ocrx_word' id='word_1_188' title='bbox 588 2245 621 2296; x_wconf 89' lang='lat' dir='ltr'><strong>ct</strong></span> <span class='ocrx_word' id='word_1_189' title='bbox 635 2235 663 2295; x_wconf 80' lang='lat' dir='ltr'><strong>si</strong></span> <span class='ocrx_word' id='word_1_190' title='bbox 696 2235 818 2297; x_wconf 82' lang='lat' dir='ltr'><strong>caverit</strong></span> <span class='ocrx_word' id='word_1_191' title='bbox 833 2256 928 2317; x_wconf 85' lang='lat' dir='ltr'>opera</span> <span class='ocrx_word' id='word_1_192' title='bbox 941 2260 996 2300; x_wconf 83' lang='lat' dir='ltr'><strong>sua</strong></span> <span class='ocrx_word' id='word_1_193' title='bbox 1010 2242 1122 2321; x_wconf 79' lang='lat' dir='ltr'><strong>perdat</strong></span> <span class='ocrx_word' id='word_1_194' title='bbox 1136 2253 1168 2306; x_wconf 77' lang='lat' dir='ltr'><strong>ct</strong></span> <span class='ocrx_word' id='word_1_195' title='bbox 1184 2245 1237 2306; x_wconf 87' lang='lat' dir='ltr'><strong>in·-</strong></span> <span class='ocrx_word' id='word_1_196' title='bbox 1280 2291 1284 2302; x_wconf 83' lang='lat'><em>·</em></span> 
     </span>
     <span class='ocr_line' id='line_1_24' title="bbox 125 2310 1234 2408; baseline 0.017 -35"><span class='ocrx_word' id='word_1_197' title='bbox 125 2310 246 2373; x_wconf 82' lang='lat' dir='ltr'>exinde</span> <span class='ocrx_word' id='word_1_198' title='bbox 267 2312 308 2374; x_wconf 85' lang='lat' dir='ltr'><strong>ad</strong></span> <span class='ocrx_word' id='word_1_199' title='bbox 331 2315 426 2378; x_wconf 89' lang='lat' dir='ltr'><strong>domo</strong></span> <span class='ocrx_word' id='word_1_200' title='bbox 449 2338 506 2380; x_wconf 81' lang='lat' dir='ltr'><strong>sua</strong></span> <span class='ocrx_word' id='word_1_201' title='bbox 533 2317 663 2379; x_wconf 84' lang='lat' dir='ltr'>duxerit</span> <span class='ocrx_word' id='word_1_202' title='bbox 695 2337 793 2398; x_wconf 85' lang='lat' dir='ltr'><strong>super</strong></span> <span class='ocrx_word' id='word_1_203' title='bbox 808 2317 953 2384; x_wconf 83' lang='lat' dir='ltr'><strong>den.DC.</strong></span> <span class='ocrx_word' id='word_1_204' title='bbox 971 2323 1027 2406; x_wconf 86' lang='lat' dir='ltr'><strong>qui</strong></span> <span class='ocrx_word' id='word_1_205' title='bbox 1040 2323 1234 2408; x_wconf 72' lang='lat' dir='ltr'><strong>faciuntsol.</strong></span> 
     </span>
     <span class='ocr_line' id='line_1_25' title="bbox 123 2394 1232 2482; baseline 0.018 -28"><span class='ocrx_word' id='word_1_206' title='bbox 123 2394 289 2454; x_wconf 82' lang='lat' dir='ltr'><strong>fenumet</strong></span> <span class='ocrx_word' id='word_1_207' title='bbox 312 2395 555 2481; x_wconf 69' lang='lat' dir='ltr'>discargaverit‚</span> <span class='ocrx_word' id='word_1_208' title='bbox 578 2399 662 2462; x_wconf 84' lang='lat' dir='ltr'>etei</span> <span class='ocrx_word' id='word_1_209' title='bbox 694 2398 769 2463; x_wconf 86' lang='lat' dir='ltr'><strong>XV.</strong></span> <span class='ocrx_word' id='word_1_210' title='bbox 796 2399 881 2482; x_wconf 85' lang='lat' dir='ltr'><strong>culp.</strong></span> <span class='ocrx_word' id='word_1_211' title='bbox 910 2399 976 2463; x_wconf 85' lang='lat' dir='ltr'><strong>iud.</strong></span> <span class='ocrx_word' id='word_1_212' title='bbox 1003 2411 1035 2466; x_wconf 74' lang='lat' dir='ltr'><strong>ct</strong></span> <span class='ocrx_word' id='word_1_213' title='bbox 1058 2406 1085 2470; x_wconf 90' lang='lat' dir='ltr'><strong>si</strong></span> <span class='ocrx_word' id='word_1_214' title='bbox 1112 2411 1232 2474; x_wconf 79' lang='lat' dir='ltr'>exinde</span> 
     </span>
     <span class='ocr_line' id='line_1_26' title="bbox 123 2474 1232 2560; baseline 0.024 -24"><span class='ocrx_word' id='word_1_215' title='bbox 123 2474 228 2537; x_wconf 78' lang='lat' dir='ltr'>fuerit</span> <span class='ocrx_word' id='word_1_216' title='bbox 249 2477 458 2560; x_wconf 83' lang='lat' dir='ltr'>adprobatum</span> <span class='ocrx_word' id='word_1_217' title='bbox 479 2481 662 2556; x_wconf 56' lang='lat' dir='ltr'><strong>(mimec-</strong></span> <span class='ocrx_word' id='word_1_218' title='bbox 692 2481 826 2542; x_wconf 75' lang='lat' dir='ltr'><strong>foenum</strong></span> <span class='ocrx_word' id='word_1_219' title='bbox 851 2483 884 2544; x_wconf 65' lang='lat'><strong>5¹¹</strong></span> <span class='ocrx_word' id='word_1_220' title='bbox 912 2505 1003 2546; x_wconf 68' lang='lat' dir='ltr'><strong>carm</strong></span> <span class='ocrx_word' id='word_1_221' title='bbox 1031 2487 1162 2554; x_wconf 71' lang='lat' dir='ltr'>duxerit</span> <span class='ocrx_word' id='word_1_222' title='bbox 1190 2495 1232 2558; x_wconf 72' lang='lat' dir='ltr'><strong>ad</strong></span> 
     </span>
     <span class='ocr_line' id='line_1_27' title="bbox 124 2556 1230 2643; baseline 0.025 -28"><span class='ocrx_word' id='word_1_223' title='bbox 124 2556 240 2636; x_wconf 78' lang='lat' dir='ltr'><strong>dardi)</strong></span> <span class='ocrx_word' id='word_1_224' title='bbox 260 2570 336 2620; x_wconf 84' lang='lat' dir='ltr'><strong>sunt</strong></span> <span class='ocrx_word' id='word_1_225' title='bbox 354 2563 421 2629; x_wconf 87' lang='lat' dir='ltr'><strong>din.</strong></span> <span class='ocrx_word' id='word_1_226' title='bbox 444 2565 583 2631; x_wconf 88' lang='lat' dir='ltr'><strong>IDCCC.</strong></span> <span class='ocrx_word' id='word_1_227' title='bbox 609 2567 659 2626; x_wconf 86' lang='lat' dir='ltr'><strong>fa·</strong></span> <span class='ocrx_word' id='word_1_228' title='bbox 679 2563 1230 2643; x_wconf 83' lang='lat' dir='ltr'><strong>·d0mumsuamsuntden.lDCCC.</strong></span> 
     </span>
     <span class='ocr_line' id='line_1_28' title="bbox 123 2638 1231 2741; baseline 0.024 -43"><span class='ocrx_word' id='word_1_229' title='bbox 123 2638 214 2699; x_wconf 88' lang='lat' dir='ltr'>ciunt</span> <span class='ocrx_word' id='word_1_230' title='bbox 231 2640 288 2702; x_wconf 89' lang='lat' dir='ltr'><strong>sol.</strong></span> <span class='ocrx_word' id='word_1_231' title='bbox 303 2643 403 2707; x_wconf 90' lang='lat' dir='ltr'><strong>XLV.</strong></span> <span class='ocrx_word' id='word_1_232' title='bbox 422 2656 548 2731; x_wconf 80' lang='lat' dir='ltr'><strong>except.</strong></span> <span class='ocrx_word' id='word_1_233' title='bbox 565 2647 659 2732; x_wconf 82' lang='lat' dir='ltr'><strong>capit.</strong></span> <span class='ocrx_word' id='word_1_234' title='bbox 692 2646 748 2727; x_wconf 87' lang='lat' dir='ltr'><strong>qui</strong></span> <span class='ocrx_word' id='word_1_235' title='bbox 776 2645 901 2707; x_wconf 81' lang='lat' dir='ltr'><strong>faciunt</strong></span> <span class='ocrx_word' id='word_1_236' title='bbox 928 2649 985 2712; x_wconf 81' lang='lat' dir='ltr'><strong>sol·</strong></span> <span class='ocrx_word' id='word_1_237' title='bbox 1011 2649 1125 2720; x_wconf 52' lang='lat' dir='ltr'><strong>XLV(</strong></span> <span class='ocrx_word' id='word_1_238' title='bbox 1141 2657 1231 2741; x_wconf 77' lang='lat' dir='ltr'><strong>culp.</strong></span> 
     </span>
     <span class='ocr_line' id='line_1_29' title="bbox 122 2720 1128 2812; baseline 0.028 -42"><span class='ocrx_word' id='word_1_239' title='bbox 122 2729 157 2782; x_wconf 73' lang='lat' dir='ltr'><strong>et</strong></span> <span class='ocrx_word' id='word_1_240' title='bbox 177 2720 266 2784; x_wconf 78' lang='lat' dir='ltr'>dilat,</span> <span class='ocrx_word' id='word_1_241' title='bbox 690 2728 757 2792; x_wconf 87' lang='lat' dir='ltr'><strong>iud.</strong></span> <span class='ocrx_word' id='word_1_242' title='bbox 775 2735 898 2810; x_wconf 83' lang='lat' dir='ltr'><strong>except.</strong></span> <span class='ocrx_word' id='word_1_243' title='bbox 912 2730 1007 2812; x_wconf 82' lang='lat' dir='ltr'><strong>capit.</strong></span> <span class='ocrx_word' id='word_1_244' title='bbox 1023 2741 1054 2794; x_wconf 88' lang='lat' dir='ltr'><strong>ct</strong></span> <span class='ocrx_word' id='word_1_245' title='bbox 1071 2735 1128 2798; x_wconf 88' lang='lat' dir='ltr'><strong>dil.</strong></span> 
     </span>
    </p>

    <p class='ocr_par' dir='ltr' id='par_1_8' title="bbox 118 2802 1227 3319">
     <span class='ocr_line' id='line_1_30' title="bbox 163 2802 1226 2905; baseline 0.021 -42"><span class='ocrx_word' id='word_1_246' title='bbox 163 2802 197 2862; x_wconf 90' lang='lat' dir='ltr'><strong>Si</strong></span> <span class='ocrx_word' id='word_1_247' title='bbox 230 2826 305 2867; x_wconf 81' lang='lat' dir='ltr'>vero</span> <span class='ocrx_word' id='word_1_248' title='bbox 330 2814 419 2870; x_wconf 82' lang='lat' dir='ltr'><strong>tanto</strong></span> <span class='ocrx_word' id='word_1_249' title='bbox 442 2831 659 2894; x_wconf 82' lang='lat' dir='ltr'><strong>praesumpse-</strong></span> <span class='ocrx_word' id='word_1_250' title='bbox 732 2810 767 2870; x_wconf 90' lang='lat' dir='ltr'><strong>Si</strong></span> <span class='ocrx_word' id='word_1_251' title='bbox 785 2833 861 2874; x_wconf 84' lang='lat' dir='ltr'>vero</span> <span class='ocrx_word' id='word_1_252' title='bbox 878 2820 1226 2905; x_wconf 58' lang='lat' dir='ltr'><strong>tantumpraesumps&amp;</strong></span> 
     </span>
     <span class='ocr_line' id='line_1_31' title="bbox 120 2883 1227 2974; baseline 0.019 -28"><span class='ocrx_word' id='word_1_253' title='bbox 120 2883 180 2960; x_wconf 83' lang='lat' dir='ltr'><strong>rit,</strong></span> <span class='ocrx_word' id='word_1_254' title='bbox 202 2892 408 2968; x_wconf 84' lang='lat' dir='ltr'>quantumin</span> <span class='ocrx_word' id='word_1_255' title='bbox 423 2894 657 2956; x_wconf 84' lang='lat' dir='ltr'><strong>dorsumsuum</strong></span> <span class='ocrx_word' id='word_1_256' title='bbox 689 2890 732 2953; x_wconf 83' lang='lat' dir='ltr'><strong>rit</strong></span> <span class='ocrx_word' id='word_1_257' title='bbox 747 2902 901 2974; x_wconf 82' lang='lat' dir='ltr'>quantum</span> <span class='ocrx_word' id='word_1_258' title='bbox 926 2894 958 2954; x_wconf 87' lang='lat' dir='ltr'><strong>in</strong></span> <span class='ocrx_word' id='word_1_259' title='bbox 978 2895 1108 2958; x_wconf 85' lang='lat' dir='ltr'><strong>dorsum</strong></span> <span class='ocrx_word' id='word_1_260' title='bbox 1130 2903 1227 2966; x_wconf 73' lang='lat' dir='ltr'><strong>suum</strong></span> 
     </span>
     <span class='ocr_line' id='line_1_32' title="bbox 119 2970 1227 3060; baseline 0.028 -37"><span class='ocrx_word' id='word_1_261' title='bbox 119 2970 306 3049; x_wconf 79' lang='lat' dir='ltr'>portaverit,</span> <span class='ocrx_word' id='word_1_262' title='bbox 328 2974 407 3034; x_wconf 84' lang='lat' dir='ltr'>etei</span> <span class='ocrx_word' id='word_1_263' title='bbox 426 2975 525 3037; x_wconf 83' lang='lat' dir='ltr'>suerit</span> <span class='ocrx_word' id='word_1_264' title='bbox 540 2977 655 3060; x_wconf 77' lang='lat' dir='ltr'><strong>adpro·</strong></span> <span class='ocrx_word' id='word_1_265' title='bbox 689 2985 816 3058; x_wconf 82' lang='lat' dir='ltr'>portare</span> <span class='ocrx_word' id='word_1_266' title='bbox 833 2977 974 3058; x_wconf 82' lang='lat' dir='ltr'>potuerit</span> <span class='ocrx_word' id='word_1_267' title='bbox 992 3001 1016 3040; x_wconf 85' lang='lat' dir='ltr'><strong>s·</strong></span> <span class='ocrx_word' id='word_1_268' title='bbox 1035 2981 1108 3045; x_wconf 81' lang='lat' dir='ltr'><strong>den.</strong></span> <span class='ocrx_word' id='word_1_269' title='bbox 1122 2981 1227 3054; x_wconf 77' lang='lat' dir='ltr'><strong>CXX·</strong></span> 
     </span>
     <span class='ocr_line' id='line_1_33' title="bbox 118 3047 1223 3150; baseline 0.024 -42"><span class='ocrx_word' id='word_1_270' title='bbox 118 3047 230 3108; x_wconf 78' lang='lat' dir='ltr'><strong>batum</strong></span> <span class='ocrx_word' id='word_1_271' title='bbox 255 3057 357 3126; x_wconf 70' lang='lat' dir='ltr'><strong>(um.</strong></span> <span class='ocrx_word' id='word_1_272' title='bbox 386 3057 560 3126; x_wconf 79' lang='lat' dir='ltr'><em>leodardi)</em></span> <span class='ocrx_word' id='word_1_273' title='bbox 579 3066 656 3120; x_wconf 80' lang='lat' dir='ltr'><strong>sunt</strong></span> <span class='ocrx_word' id='word_1_274' title='bbox 688 3057 745 3140; x_wconf 90' lang='lat' dir='ltr'><strong>qui</strong></span> <span class='ocrx_word' id='word_1_275' title='bbox 761 3058 885 3120; x_wconf 77' lang='lat' dir='ltr'><strong>faciunt</strong></span> <span class='ocrx_word' id='word_1_276' title='bbox 900 3059 957 3122; x_wconf 83' lang='lat' dir='ltr'><strong>sol.</strong></span> <span class='ocrx_word' id='word_1_277' title='bbox 975 3061 1033 3124; x_wconf 83' lang='grc' dir='ltr'><strong>ΙΙΙ.</strong></span> <span class='ocrx_word' id='word_1_278' title='bbox 1050 3063 1135 3150; x_wconf 89' lang='lat' dir='ltr'><strong>culp.</strong></span> <span class='ocrx_word' id='word_1_279' title='bbox 1157 3059 1223 3135; x_wconf 76' lang='lat' dir='ltr'><strong>iud.</strong></span> 
     </span>
     <span class='ocr_line' id='line_1_34' title="bbox 120 3128 654 3207; baseline 0.03 -18"><span class='ocrx_word' id='word_1_280' title='bbox 120 3129 186 3190; x_wconf 90' lang='lat' dir='ltr'><strong>din.</strong></span> <span class='ocrx_word' id='word_1_281' title='bbox 213 3128 312 3200; x_wconf 89' lang='lat' dir='ltr'>CXX.</span> <span class='ocrx_word' id='word_1_282' title='bbox 350 3138 475 3203; x_wconf 77' lang='lat' dir='ltr'><strong>faciunt</strong></span> <span class='ocrx_word' id='word_1_283' title='bbox 505 3140 563 3202; x_wconf 79' lang='lat' dir='ltr'><strong>col.</strong></span> <span class='ocrx_word' id='word_1_284' title='bbox 597 3141 654 3207; x_wconf 85' lang='lat'><strong>111.</strong></span> 
     </span>
     <span class='ocr_line' id='line_1_35' title="bbox 120 3176 1008 3319; baseline 0.032 -45"><span class='ocrx_word' id='word_1_285' title='bbox 120 3212 289 3298; x_wconf 83' lang='lat' dir='ltr'>culpabilis</span> <span class='ocrx_word' id='word_1_286' title='bbox 304 3216 371 3286; x_wconf 85' lang='lat' dir='ltr'><strong>iud.</strong></span> <span class='ocrx_word' id='word_1_287' title='bbox 752 3301 758 3314; x_wconf 48' lang='grc'><strong>,</strong></span> <span class='ocrx_word' id='word_1_288' title='bbox 837 3302 844 3316; x_wconf 55' lang='grc'><strong>,</strong></span> <span class='ocrx_word' id='word_1_289' title='bbox 893 3176 1008 3319; x_wconf 47' lang='lat' dir='ltr'><strong>,XLI‘</strong></span> 
     </span>
    </p>

    <p class='ocr_par' dir='ltr' id='par_1_9' title="bbox 685 3303 1225 3638">
     <span class='ocr_line' id='line_1_36' title="bbox 727 3303 1222 3384; baseline 0.03 -22"><span class='ocrx_word' id='word_1_290' title='bbox 727 3303 760 3362; x_wconf 75' lang='lat' dir='ltr'><strong>Si</strong></span> <span class='ocrx_word' id='word_1_291' title='bbox 789 3321 860 3384; x_wconf 73' lang='lat' dir='ltr'>quis</span> <span class='ocrx_word' id='word_1_292' title='bbox 891 3329 923 3365; x_wconf 76' lang='grc' dir='ltr'><strong>ιη</strong></span> <span class='ocrx_word' id='word_1_293' title='bbox 953 3319 1022 3370; x_wconf 84' lang='lat' dir='ltr'>orto</span> <span class='ocrx_word' id='word_1_294' title='bbox 1057 3312 1164 3374; x_wconf 80' lang='lat' dir='ltr'>alieno</span> <span class='ocrx_word' id='word_1_295' title='bbox 1186 3314 1222 3377; x_wconf 87' lang='lat' dir='ltr'><strong>in</strong></span> 
     </span>
     <span class='ocr_line' id='line_1_37' title="bbox 685 3385 1225 3471; baseline 0.03 -27"><span class='ocrx_word' id='word_1_296' title='bbox 685 3386 807 3444; x_wconf 82' lang='lat' dir='ltr'><strong>furtum</strong></span> <span class='ocrx_word' id='word_1_297' title='bbox 831 3385 991 3468; x_wconf 80' lang='lat' dir='ltr'>ingressus</span> <span class='ocrx_word' id='word_1_298' title='bbox 1011 3391 1109 3452; x_wconf 82' lang='lat' dir='ltr'>fuerit</span> <span class='ocrx_word' id='word_1_299' title='bbox 1125 3397 1225 3471; x_wconf 66' lang='lat' dir='ltr'><strong>(nimi.</strong></span> 
     </span>
     <span class='ocr_line' id='line_1_38' title="bbox 686 3464 1222 3564; baseline 0.037 -41"><span class='ocrx_word' id='word_1_300' title='bbox 686 3464 849 3544; x_wconf 80' lang='lat' dir='ltr'><em>leudardi)</em></span> <span class='ocrx_word' id='word_1_301' title='bbox 870 3479 945 3530; x_wconf 88' lang='lat' dir='ltr'><strong>sunt</strong></span> <span class='ocrx_word' id='word_1_302' title='bbox 959 3471 1046 3535; x_wconf 82' lang='lat' dir='ltr'><strong>·den.</strong></span> <span class='ocrx_word' id='word_1_303' title='bbox 1070 3477 1136 3543; x_wconf 89' lang='lat' dir='ltr'><strong>DC.</strong></span> <span class='ocrx_word' id='word_1_304' title='bbox 1162 3481 1222 3564; x_wconf 83' lang='lat' dir='ltr'><strong>qui</strong></span> 
     </span>
     <span class='ocr_line' id='line_1_39' title="bbox 685 3547 1161 3638; baseline 0.029 -30"><span class='ocrx_word' id='word_1_305' title='bbox 685 3547 807 3609; x_wconf 85' lang='lat' dir='ltr'><strong>faciunt</strong></span> <span class='ocrx_word' id='word_1_306' title='bbox 828 3552 886 3612; x_wconf 84' lang='lat' dir='ltr'><strong>sol.</strong></span> <span class='ocrx_word' id='word_1_307' title='bbox 903 3555 974 3638; x_wconf 88' lang='lat' dir='ltr'><strong>XV.</strong></span> <span class='ocrx_word' id='word_1_308' title='bbox 993 3555 1077 3638; x_wconf 86' lang='lat' dir='ltr'><strong>culp.</strong></span> <span class='ocrx_word' id='word_1_309' title='bbox 1093 3558 1161 3626; x_wconf 88' lang='lat' dir='ltr'><strong>iud.</strong></span> 
     </span>
    </p>
   </div>
   <div class='ocr_carea' id='block_1_5' title="bbox 893 3671 1014 3746">
    <p class='ocr_par' dir='ltr' id='par_1_10' title="bbox 893 3671 1014 3746">
     <span class='ocr_line' id='line_1_40' title="bbox 893 3671 1014 3746; baseline 0.05 -7"><span class='ocrx_word' id='word_1_310' title='bbox 893 3671 1014 3746; x_wconf 83' lang='lat' dir='ltr'><strong>XLII.</strong></span> 
     </span>
    </p>
   </div>
   <div class='ocr_carea' id='block_1_6' title="bbox 7 3780 1224 4202">
    <p class='ocr_par' dir='ltr' id='par_1_11' title="bbox 111 3780 1224 4132">
     <span class='ocr_line' id='line_1_41' title="bbox 155 3780 1221 3880; baseline 0.026 -38"><span class='ocrx_word' id='word_1_311' title='bbox 155 3780 291 3866; x_wconf 75' lang='lat' dir='ltr'>Siquis</span> <span class='ocrx_word' id='word_1_312' title='bbox 321 3786 441 3852; x_wconf 83' lang='lat' dir='ltr'>viniam</span> <span class='ocrx_word' id='word_1_313' title='bbox 474 3792 578 3855; x_wconf 82' lang='lat' dir='ltr'>aliena</span> <span class='ocrx_word' id='word_1_314' title='bbox 616 3794 649 3855; x_wconf 89' lang='lat' dir='ltr'><strong>in</strong></span> <span class='ocrx_word' id='word_1_315' title='bbox 725 3796 850 3880; x_wconf 78' lang='lat' dir='ltr'>Siquis</span> <span class='ocrx_word' id='word_1_316' title='bbox 876 3799 910 3858; x_wconf 88' lang='lat' dir='ltr'><strong>in</strong></span> <span class='ocrx_word' id='word_1_317' title='bbox 941 3799 1033 3860; x_wconf 81' lang='lat' dir='ltr'>vinca</span> <span class='ocrx_word' id='word_1_318' title='bbox 1058 3801 1164 3865; x_wconf 81' lang='lat' dir='ltr'>aliena</span> <span class='ocrx_word' id='word_1_319' title='bbox 1185 3807 1221 3870; x_wconf 87' lang='lat' dir='ltr'><strong>in</strong></span> 
     </span>
     <span class='ocr_line' id='line_1_42' title="bbox 112 3863 1224 3958; baseline 0.023 -36"><span class='ocrx_word' id='word_1_320' title='bbox 112 3863 237 3928; x_wconf 81' lang='lat' dir='ltr'><strong>furtum</strong></span> <span class='ocrx_word' id='word_1_321' title='bbox 259 3867 525 3948; x_wconf 77' lang='lat' dir='ltr'>vindimiaverit,</span> <span class='ocrx_word' id='word_1_322' title='bbox 548 3877 650 3936; x_wconf 87' lang='lat' dir='ltr'><strong>etin·</strong></span> <span class='ocrx_word' id='word_1_323' title='bbox 683 3880 771 3939; x_wconf 82' lang='lat' dir='ltr'><strong>furto</strong></span> <span class='ocrx_word' id='word_1_324' title='bbox 817 3877 1058 3942; x_wconf 82' lang='lat' dir='ltr'>vindemiaverit</span> <span class='ocrx_word' id='word_1_325' title='bbox 1105 3883 1224 3958; x_wconf 67' lang='lat' dir='ltr'><strong>(mni.</strong></span> 
     </span>
     <span class='ocr_line' id='line_1_43' title="bbox 111 3949 1221 4054; baseline 0.027 -51"><span class='ocrx_word' id='word_1_326' title='bbox 111 3951 230 4009; x_wconf 82' lang='lat' dir='ltr'><strong>ventus&#39;</strong></span> <span class='ocrx_word' id='word_1_327' title='bbox 245 3949 345 4012; x_wconf 81' lang='lat' dir='ltr'><strong>fucrit</strong></span> <span class='ocrx_word' id='word_1_328' title='bbox 360 3961 466 4026; x_wconf 65' lang='lat' dir='ltr'><strong>(iiiii.</strong></span> <span class='ocrx_word' id='word_1_329' title='bbox 482 3955 651 4032; x_wconf 83' lang='lat' dir='ltr'><em>leodarde)</em></span> <span class='ocrx_word' id='word_1_330' title='bbox 683 3961 860 4036; x_wconf 77' lang='lat' dir='ltr'><em>leudardo)</em></span> <span class='ocrx_word' id='word_1_331' title='bbox 882 3971 957 4024; x_wconf 83' lang='lat' dir='ltr'>sunt</span> <span class='ocrx_word' id='word_1_332' title='bbox 977 3963 1050 4028; x_wconf 81' lang='lat' dir='ltr'><strong>den.</strong></span> <span class='ocrx_word' id='word_1_333' title='bbox 1073 3967 1139 4028; x_wconf 89' lang='lat' dir='ltr'><strong>DC.</strong></span> <span class='ocrx_word' id='word_1_334' title='bbox 1162 3969 1221 4054; x_wconf 84' lang='lat' dir='ltr'><strong>qui</strong></span> 
     </span>
     <span class='ocr_line' id='line_1_44' title="bbox 111 4029 1160 4132; baseline 0.022 -42"><span class='ocrx_word' id='word_1_335' title='bbox 111 4037 191 4090; x_wconf 81' lang='lat' dir='ltr'><strong>sunt</strong></span> <span class='ocrx_word' id='word_1_336' title='bbox 209 4029 352 4095; x_wconf 77' lang='lat' dir='ltr'>dinarius</span> <span class='ocrx_word' id='word_1_337' title='bbox 367 4036 434 4103; x_wconf 88' lang='lat' dir='ltr'><strong>DC.</strong></span> <span class='ocrx_word' id='word_1_338' title='bbox 448 4037 571 4100; x_wconf 83' lang='lat' dir='ltr'><strong>faciunt</strong></span> <span class='ocrx_word' id='word_1_339' title='bbox 590 4043 648 4108; x_wconf 83' lang='lat' dir='ltr'><strong>sol.</strong></span> <span class='ocrx_word' id='word_1_340' title='bbox 681 4043 806 4105; x_wconf 83' lang='lat' dir='ltr'><strong>faciunt</strong></span> <span class='ocrx_word' id='word_1_341' title='bbox 822 4046 880 4109; x_wconf 84' lang='lat' dir='ltr'><strong>sol.</strong></span> <span class='ocrx_word' id='word_1_342' title='bbox 897 4043 968 4113; x_wconf 80' lang='lat' dir='ltr'><strong>XV.</strong></span> <span class='ocrx_word' id='word_1_343' title='bbox 989 4046 1074 4132; x_wconf 80' lang='lat' dir='ltr'><strong>culp.</strong></span> <span class='ocrx_word' id='word_1_344' title='bbox 1091 4050 1160 4119; x_wconf 86' lang='lat' dir='ltr'><strong>iud.</strong></span> 
     </span>
    </p>

    <p class='ocr_par' dir='ltr' id='par_1_12' title="bbox 7 4106 382 4202">
     <span class='ocr_line' id='line_1_45' title="bbox 7 4106 382 4202; baseline 0.008 -28"><span class='ocrx_word' id='word_1_345' title='bbox 7 4131 10 4202; x_wconf 62' lang='lat' dir='ltr'>f</span> <span class='ocrx_word' id='word_1_346' title='bbox 108 4106 188 4176; x_wconf 78' lang='lat' dir='ltr'><strong>XV.</strong></span> <span class='ocrx_word' id='word_1_347' title='bbox 207 4114 293 4196; x_wconf 83' lang='lat' dir='ltr'><strong>culp.</strong></span> <span class='ocrx_word' id='word_1_348' title='bbox 314 4113 382 4177; x_wconf 88' lang='lat' dir='ltr'><strong>iud.</strong></span> 
     </span>
    </p>
   </div>
   <div class='ocr_carea' id='block_1_7' title="bbox 151 4187 1218 4299">
    <p class='ocr_par' dir='ltr' id='par_1_13' title="bbox 151 4187 1218 4299">
     <span class='ocr_line' id='line_1_46' title="bbox 151 4187 1218 4299; baseline 0.024 -45"><span class='ocrx_word' id='word_1_349' title='bbox 151 4187 195 4254; x_wconf 80' lang='lat' dir='ltr'><strong>Si</strong></span> <span class='ocrx_word' id='word_1_350' title='bbox 212 4201 288 4260; x_wconf 76' lang='lat' dir='ltr'><strong>vcro</strong></span> <span class='ocrx_word' id='word_1_351' title='bbox 313 4199 424 4266; x_wconf 78' lang='lat' dir='ltr'>vinum</span> <span class='ocrx_word' id='word_1_352' title='bbox 449 4203 489 4268; x_wconf 74' lang='lat' dir='ltr'><strong>ad</strong></span> <span class='ocrx_word' id='word_1_353' title='bbox 516 4205 645 4273; x_wconf 84' lang='lat' dir='ltr'><strong>domum</strong></span> <span class='ocrx_word' id='word_1_354' title='bbox 676 4199 678 4202; x_wconf 34' lang='lat'>⁵</span> <span class='ocrx_word' id='word_1_355' title='bbox 720 4201 846 4273; x_wconf 81' lang='lat' dir='ltr'>sivero</span> <span class='ocrx_word' id='word_1_356' title='bbox 871 4212 1013 4276; x_wconf 70' lang='lat' dir='ltr'><strong>incussa</strong></span> <span class='ocrx_word' id='word_1_357' title='bbox 1041 4218 1218 4299; x_wconf 76' lang='lat' dir='ltr'><strong>cargavcrit</strong></span> 
     </span>
    </p>
   </div>
   <div class='ocr_carea' id='block_1_8' title="bbox 0 0 1442 4992">
    <p class='ocr_par' dir='ltr' id='par_1_14' title="bbox 0 0 1442 4992">
     <span class='ocr_line' id='line_1_47' title="bbox 0 0 1442 4992; baseline 0 6"><span class='ocrx_word' id='word_1_358' title='bbox 0 0 1442 4992; x_wconf 95' lang='lat' dir='ltr'><strong> </strong></span> 
     </span>
    </p>
   </div>
  </div>
 </body>
</html>
