2826 4998
199 311 246 386 18
527 327 630 384 areis
648 327 795 384 sinens
814 290 948 384 nnn.

197 469 373 547 exciderit,
396 476 450 529 aut
474 468 598 530 furatus
616 467 715 530 fuerit
746 468 780 530 in
808 468 906 531 ticam
925 466 1009 528 infra
1033 468 1211 533 clausuram
1239 493 1301 536 ex·

196 555 292 616 horto
313 551 462 615 similiter
486 552 553 612 DC.
579 551 688 614 denar.
714 552 783 612 cul·
810 551 940 626 ciderit,
965 559 1019 612 ant
1040 553 1165 616 furatus
1185 557 1300 632 fuerit,

196 637 312 722 pabilis
340 633 502 696 iudicetur
522 679 532 714 ,
570 633 627 717 qui
658 631 782 694 iaciunt
808 633 873 697 DC.
890 632 964 693 den.
980 633 1037 714 qni
1062 635 1122 701 fae.
1144 638 1202 701 sol.
1224 640 1301 703 XV.

196 721 255 785 sul.
276 717 347 782 XV.
809 715 893 798 culp.
914 714 980 780 iud.
996 737 1064 782 exc.
1080 739 1148 800 cap.
1166 729 1197 780 et
1213 721 1273 782 dil.

238 803 301 864 ΙΙΙ.
342 801 432 860 Hanc
462 818 593 880 quoque
621 798 726 880 legem
751 805 784 858 et
848 797 911 861 ΙΙΙ.
952 797 1182 882 Hanequoque
1194 802 1302 883 legem

197 884 237 946 de
262 881 382 948 vitibus
397 883 510 943 furatis
533 881 699 943 observare
720 879 783 942 ius·
809 888 842 940 et
855 879 894 940 de
913 879 1033 942 vitibus
1052 883 1166 944 furatis
1187 883 1302 946 obser-

197 968 304 1030 simus.
811 962 880 1026 vari
897 960 1053 1027 iussimus.

237 1052 295 1113 IV,
338 1043 458 1127 Siquis
478 1045 512 1104 in
539 1044 627 1128 sylva
649 1043 782 1105 alterius
849 1045 907 1105 IV.
949 1042 1065 1126 Siquis
1080 1044 1112 1104 in
1130 1045 1210 1108 silva
1224 1046 1306 1110 alte-

196 1128 401 1192 materiamen
413 1126 653 1204 furatusfuerit,
670 1134 725 1186 aut
735 1127 783 1185 in·
808 1123 876 1188 rius
900 1127 1085 1188 matriamen
1109 1137 1145 1201 r)
1171 1130 1300 1190 furatus

195 1212 353 1287 canderit,
365 1210 418 1273 vel
431 1208 701 1291 concapnlaverit‚
725 1216 784 1267 ant
808 1207 918 1284 fuerit,
948 1215 1004 1269 aut
1021 1210 1221 1282 incenderit,
1243 1212 1300 1273 vel

196 1297 285 1378 ligna
300 1291 430 1352 alterius
449 1291 613 1368 furaverit,
627 1292 693 1354 DC.
706 1290 781 1354 den.
810 1290 1074 1371 concapulaverit
1089 1303 1124 1366 s)
1141 1303 1195 1353 ant
1209 1292 1303 1374 ligna

196 1373 366 1460 culpabilis
386 1373 569 1450 iudicetur,
584 1374 640 1452 qui
661 1372 784 1432 faciunt
811 1373 943 1434 alterius
962 1373 1127 1452 furaverit,
1143 1377 1210 1442 DC.
1226 1376 1303 1437 den.

197 1461 256 1524 sol.
301 1456 373 1521 XV.
411 1465 546 1540 excepto
583 1455 717 1539 capitale
751 1465 785 1516 et
810 1455 867 1536 qui
889 1453 1011 1516 faciunt
1037 1457 1095 1522 sol.
1122 1459 1193 1520 XV.
1214 1458 1304 1540 culp.

197 1542 352 1605 delatura.
810 1536 878 1602 iud.
901 1557 970 1598 exc.
987 1559 1055 1621 cap.
1075 1548 1107 1600 et
1123 1538 1180 1600 dil.
1317 1541 1321 1554 “

845 1653 934 1724 Tm.
961 1655 1029 1724 IX.
1080 1656 1139 1727 De
1163 1656 1275 1728 furtis

991 1755 1122 1846 apium.

238 1875 265 1943 I.
307 1875 342 1937 si
358 1874 430 1956 quis
444 1896 536 1958 apem
554 1874 593 1936 de
613 1874 696 1937 intro
714 1875 781 1937 cla·
852 1870 879 1937 Ι.
922 1873 1154 1955 Siquisunum
1169 1875 1305 1959 vasapi·

197 1961 271 2025 vem
291 1957 465 2034 furaverit,
497 1966 529 2017 et
543 1965 663 2018 tectum
689 1959 785 2020 desu·
813 1976 866 2014 nm
887 1954 1013 2016 deintra
1043 1958 1133 2017 clave
1167 1967 1222 2017 aut
1243 1960 1304 2022 sub

197 2064 257 2126 per
270 2039 428 2115 habuerit,
451 2039 693 2114 (naunAntidio
715 2039 786 2099 ote·
811 2038 1302 2116 tectofnraverit‚·IDCCC.den.

199 2122 341 2197 thardis)
369 2122 412 2182 M.
432 2122 552 2185 DCCC.
570 2121 642 2181 den.
664 2123 720 2204 qui
736 2123 786 2180 fa·
812 2119 867 2201 qui
884 2119 1008 2179 faciunt
1028 2121 1084 2185 sol.
1105 2122 1303 2206 XLV.enlp.

199 2207 292 2268 ciunt
312 2204 370 2264 sol.
393 2203 482 2282 XLV
504 2203 672 2283 culpabilis
699 2202 786 2263 indi·
813 2201 878 2266 iud.
893 2223 961 2262 exe.
983 2223 1050 2284 cap.
1067 2212 1099 2263 et
1122 2203 1178 2268 dil.

199 2298 302 2364 cetur,
318 2293 452 2367 excepto
462 2285 595 2367 capitale
606 2295 637 2345 et
648 2286 741 2346 delat.
1289 2352 1295 2362 ,

243 2369 288 2432 ΙΙ.
332 2367 450 2449 Siquis
471 2390 567 2426 unam
591 2389 692 2448 apem,
720 2367 783 2428 hoc
853 2363 897 2424 Il.
939 2364 1307 2446 Siquisunumvascum

202 2464 266 2529 est,
289 2472 358 2511 uno
386 2450 545 2525 vaseello,
567 2449 721 2510 furaverit
745 2450 784 2510 de
813 2447 950 2527 apibus,
986 2449 1041 2507 ubi
1070 2449 1205 2528 amplius
1238 2473 1305 2510 non

201 2536 260 2598 sub
281 2542 375 2609 tecto,
395 2541 428 2592 et
444 2532 502 2591 snb
520 2532 621 2606 clave,
647 2532 701 2590 ubi
719 2554 785 2591 am·
813 2529 1309 2607 fuerit,furnverit,IDCCC.de,-

201 2620 286 2704 piius
302 2637 367 2675 non
379 2614 512 2690 fuerint,
525 2616 567 2674 M.
577 2614 698 2678 DCCC.
712 2614 785 2677 den.
816 2611 924 2684 uariis,
934 2613 989 2691 qni
1002 2612 1126 2671 faciunt
1140 2614 1305 2678 sonxnv.

202 2698 372 2782 culpabilis
389 2697 566 2772 iudicetur,
592 2695 648 2775 qui
665 2696 788 2756 faciunt
816 2694 985 2775 culpabilis
1015 2693 1194 2773 iudicetur,
1235 2717 1306 2762 exc.

204 2784 262 2846 sol.
297 2780 393 2844 XLV.
430 2788 562 2860 excepto
593 2778 728 2861 capitale
756 2786 789 2838 et
817 2797 884 2858 cap.
905 2785 938 2837 et
960 2776 1016 2842 dil.

206 2866 359 2926 delatura.

249 2944 309 3007 111.
351 2942 384 3000 Si
402 2961 477 3001 vero
496 2949 618 3022 septem
648 2948 702 2998 ant
729 2961 791 2998 am·
859 2938 922 3004 III.
966 2941 999 2999 si
1027 2941 1099 3023 quis
1128 2961 1228 3000 unum
1253 2959 1308 2999 vas

206 3027 292 3111 plius
310 3023 484 3099 furaverit,
515 3033 546 3082 et
566 3022 666 3104 aliqui
686 3043 791 3081 rema·
820 3043 894 3083 cum
915 3023 1026 3104 apibus
1048 3025 1134 3082 inter
1151 3024 1214 3082 alia
1234 3042 1309 3082 vasa

208 3118 326 3183 neunt,
350 3115 381 3164 et
400 3113 485 3164 retro
506 3105 629 3165 elavem
656 3104 791 3180 fuerint,
819 3105 979 3168 subtecto
1000 3116 1056 3166 aut
1071 3106 1129 3166 sub
1151 3108 1239 3166 clava
1260 3105 1310 3162 fu·

210 3197 312 3266 (nass.
329 3188 454 3248 Texara
472 3185 593 3270 ριιίιΙίο
611 3186 792 3262 aletkardis)
820 3187 960 3263 raverit,
998 3209 1123 3248 causum
1161 3185 1308 3268 superius

211 3274 254 3334 M.
269 3270 388 3330 DCCC.
412 3267 563 3341 denariis,
587 3267 642 3347 qni
668 3267 792 3327 faciunt
821 3268 1080 3350 comprehensam
1091 3267 1310 3333 convenimu-

211 3355 270 3419 soi,
300 3350 403 3413 XLV.
429 3348 597 3432 culpabilis
618 3348 792 3426 iudicetur,
820 3371 956 3428 servare.

212 3443 347 3515 excepto
368 3429 501 3511 capitale
524 3440 556 3492 et
579 3431 732 3491 delatura.

252 3517 311 3581 IV.
354 3515 386 3574 Si
404 3513 586 3593 quisunum
607 3535 747 3573 vassum
764 3535 795 3572 a·
861 3511 920 3573 IV.
962 3512 996 3573 Si
1019 3536 1094 3577 vero
1124 3535 1225 3574 unum
1255 3535 1311 3577 vas

199 3599 307 3684 'pibus
330 3597 414 3656 inter
433 3595 495 3655 alia
516 3617 586 3655 vasa
610 3595 668 3654 suh
688 3604 793 3673 tecto,
823 3616 896 3656 cum
912 3595 1023 3677 apibus
1043 3597 1122 3659 foris
1136 3605 1234 3673 tecto,
1254 3597 1311 3658 ubi

212 3694 268 3743 aut
283 3682 341 3742 sub
367 3678 457 3739 clave
477 3675 648 3754 furaverit,
670 3700 796 3739 causam
822 3677 957 3758 amplius
975 3700 1039 3739 non
1054 3677 1164 3756 fuerit,
1185 3679 1314 3740 furave-

213 3760 791 3847 superiuscomprehensamconveni!
823 3759 881 3835 rit,
902 3781 1027 3826 causam
1053 3762 1199 3843 superius
1223 3781 1313 3824 eom·

213 3849 402 3922 observare,
434 3850 567 3924 excepto
592 3842 726 3925 capitale
764 3851 796 3904 et
822 3841 1012 3925 prehensam
1032 3852 1209 3927 componat.

211 3932 369 4078 deViurCi
396 4029 470 4071 vero
499 4026 599 4067 unum
637 4026 691 4068 vas
721 4025 796 4065 cum
864 4003 905 4068 V.
948 4006 982 4067 Si
1003 4009 1074 4091 quis
1099 4030 1140 4074 ex
1164 4006 1316 4092 plurimis

197 1683 289 1802 Trr.
315 1722 384 1798 IX.
433 1722 500 1791 De.
518 1719 626 1790 furtis
651 1721 782 1814 apium.

212 4187 577 4210 Μ

280 4277 307 4335 r)
327 4263 431 4318 Baluz..
457 4261 642 4316 materiamen.
711 4257 743 4328 s)
760 4256 846 4314 Gloss.
870 4263 1041 4316 truncaverit
1059 4263 1100 4318 vel
1117 4258 1262 4322 exciderit.

863 4339 877 4360 s

874 4406 883 4462 s
