2900 5020
229 223 307 332 sto
512 267 924 327 tso1ssuuooumouuu
942 271 1014 325 rrr.
1034 271 1142 328 sxxx.

231 413 373 492 enimus,
407 417 443 470 at
469 408 497 472 si
530 418 716 494 pateream
744 410 818 474 liliis
847 417 966 473 sortem
994 433 1084 473 suam
1115 409 1321 484 divbserit,
1360 423 1390 472 et

230 486 341 584 ¹posttea
351 493 432 554 mori
447 492 547 552 filium
565 493 637 554 vivo
650 503 740 576 patre
757 493 929 581 contigerit
942 495 1011 556 siue
1029 494 1128 572 filiis,
1145 504 1258 576 pater
1271 495 1388 554 facul·

233 591 332 644 tatum
346 576 405 638 filii
419 575 575 658 integram
589 575 829 638 usufructuario
844 579 914 638 iure
934 585 965 652 a)
987 575 1387 659 vindicetportionem:

233 685 330 749 quam
345 661 429 722 iuter
443 658 565 720 filioset
578 667 711 740 nepotes
727 659 769 718 ita
781 659 921 718 moriens
939 660 1093 737 dimittat,
1116 671 1155 719 nt
1166 659 1312 740 quanti
1332 681 1387 719 ne-

231 756 322 830 potes
340 763 381 806 ex
396 762 461 800 uno
479 739 547 800 tilio
563 741 685 800 fuerint
700 740 757 821 qui
772 751 895 822 patrem
915 763 980 802 non
1001 741 1141 818 habent,
1165 743 1385 823 portionem

257 840 331 896 atris
358 823 408 886 sui
440 823 627 900 vindicent,
657 823 787 904 qualem
816 833 908 907 pater
937 847 1050 886 eorum
1072 824 1269 884 habiturus
1300 835 1383 884 erat.

231 851 329 976 lllam
349 925 428 970 vero
453 915 595 990 partem,
627 925 723 986 quam
749 912 840 986 pater
862 927 936 967 cum
956 907 1030 968 filiis
1052 906 1292 969 dividendam
1321 906 1381 965 ha-

230 989 371 1066 buisset,
391 987 616 1071 superstitibus
640 985 715 1048 filiis
736 987 960 1073 derelinquat,
990 998 1023 1054 et
1052 998 1194 1074 nepotes
1225 988 1270 1048 in
1307 1010 1380 1050 eam

236 1085 361 1160 partem
389 1091 456 1132 non
487 1069 668 1133 succedant

232 1225 236 1239 ¹
279 1157 471 1302 bPraesens
493 1162 600 1216 tamen
624 1151 679 1214 lex
706 1150 749 1216 ad
771 1151 929 1218 masculos
951 1161 981 1231 t)
1007 1151 1245 1218 tautummodo
1259 1155 1378 1240 perti·

236 1260 278 1309 ne
304 1238 337 1304 it.

310 1387 401 1463 ΤΠ.
425 1382 608 1457 LXXIX.
659 1385 718 1457 De
749 1390 1033 1484 praescriptione
1052 1349 1298 1482 temporum.

317 1517 345 1584 Ι.
385 1516 476 1578 Licet
499 1512 707 1598 iampridem
732 1538 752 1576 a
776 1516 869 1579 uobis
892 1517 994 1579 suerit
1021 1517 1211 1579 ordinatam
1225 1559 1238 1594 ,
1265 1523 1311 1578 ut
1340 1515 1365 1576 si

235 1599 308 1684 quis
331 1601 366 1660 in
390 1597 513 1682 populo
540 1607 650 1658 nostro
678 1599 832 1661 Barbarae
862 1600 1001 1664 nationis
1028 1621 1221 1684 personam,
1259 1607 1303 1656 nt
1330 1599 1363 1658 ia

233 1705 269 1748 re
290 1705 347 1746 sua
369 1680 576 1757 consisteret,
604 1679 791 1760 invitasset,
822 1704 858 1743 ao
885 1683 912 1743 si
939 1683 970 1744 ei
992 1695 1109 1745 terram
1133 1683 1174 1743 ad
1204 1681 1362 1740 habitan-

235 1767 314 1828 dum
336 1761 539 1825 voluntarius
564 1761 766 1844 deputasset,
797 1785 932 1846 eamque
954 1787 1013 1848 per
1030 1785 1132 1825 annos
1153 1763 1359 1844 quindecim

235 1849 307 1912 siue
325 1847 427 1910 tertiis
440 1843 620 1918 habuisset,
642 1843 675 1902 in
698 1853 855 1925 potestate
877 1845 976 1928 ipsius
994 1857 1214 1930 permaneret:
1241 1867 1357 1926 neque

235 1931 354 1996 exinde
382 1926 561 2010 quidquam
588 1925 648 1987 sibi
679 1927 735 1988 ille
756 1929 813 2010 qni
840 1928 980 2007 dederit,
1009 1929 1088 1991 sciat
1108 1947 1175 1989 esse
1200 1928 1356 1989 redden-

235 2010 322 2078 dum.
376 2011 498 2072 Tamen
527 2007 614 2089 quod
635 2007 755 2092 absque
784 2009 851 2070 ulla
884 2012 1118 2095 permutatione
1146 2009 1238 2069 omni
1267 2019 1354 2070 tem-

128 2130 133 2142 ·
233 2117 311 2182 pore
332 2090 527 2177 generaliter
555 2101 727 2152 memorata
755 2092 897 2154 conditio
931 2095 1045 2157 debeat
1066 2091 1222 2186 custodiri
1251 2114 1351 2176 prae-

234 2176 320 2242 senti
364 2173 462 2235 lacuit
483 2173 555 2254 lege
585 2173 747 2236 constitui.

320 2198 364 2322 ll.
407 2255 442 2316 si
474 2255 548 2337 quis
576 2275 654 2317 vero
683 2265 801 2316 terram
828 2255 867 2316 ab
895 2256 997 2322 altero
1030 2258 1192 2322 violenter
1224 2254 1348 2318 dixerit

237 2351 270 2402 et
296 2337 477 2400 convicerit
505 2334 604 2398 fuisse
631 2338 807 2415 sublatam,
840 2338 1026 2423 priusquam
1054 2339 1152 2404 XXX.
1184 2359 1346 2400 annorum

236 2440 389 2484 numerus
415 2418 632 2502 compleatur,
666 2441 719 2481 res
741 2441 836 2502 qnam
861 2427 1043 2486 constiterit
1072 2432 1277 2506 occupatam,
1314 2429 1345 2480 et

234 2502 359 2590 requiri
385 2502 520 2586 poterit,
561 2509 593 2562 et
622 2503 797 2584 repetentis
820 2504 964 2585 partibus
988 2505 1165 2568 reformari.

318 2585 382 2649 Ill.
428 2586 579 2646 Ceterum
602 2583 629 2644 si
651 2585 791 2667 impletis
806 2585 910 2652 XXX.
931 2589 1024 2655 annis
1046 2598 1143 2664 terra,
1166 2607 1185 2643 a
1201 2604 1342 2666 quocun-

237 2692 300 2754 qne
326 2667 422 2731 etiam
464 2685 574 2727 ervasa
597 2665 857 2744 immedicatum
884 2691 949 2732 non
972 2667 1072 2732 fuerit
1099 2668 1268 2748 restituta,
1295 2667 1340 2725 ni-

235 2752 285 2815 hil
309 2751 371 2816 sibi
398 2689 599 2812 reddendum
620 2770 686 2810 esse
714 2761 894 2834 cognoscat.

320 2836 376 2898 lV.
418 2834 622 2914 Quapropter
654 2851 764 2893 omnes
786 2833 936 2913 comites,
973 2834 1124 2918 quotiens
1151 2833 1190 2894 de
1222 2833 1336 2915 praela-

236 2919 278 2982 tis
299 2915 402 2980 causis
422 2913 587 2976 contentio
600 2912 701 2973 fuerit
721 2923 890 2996 generata,
911 2921 1091 2982 secundum
1123 2915 1270 2978 ordinem
1291 2915 1334 2974 le-

237 3003 285 3086 gis
309 2999 403 3061 istius
426 2995 570 3056 indicare
589 2996 759 3062 curabunt.

319 3083 361 3146 V.
401 3079 444 3140 Et
483 3076 699 3159 quia'omnia
728 3078 768 3141 ad
798 3077 940 3161 quietem
968 3082 1127 3148 omnium,
1146 3075 1333 3164 pertinentia

238 3185 279 3225 ex
304 3163 376 3244 lege
403 3159 556 3234 convenit
569 3159 757 3243 providere,
796 3181 907 3222 omnes
929 3164 1060 3226 omnino
1084 3185 1191 3225 causas
1210 3161 1248 3221 de
1270 3158 1333 3241 qui·

236 3244 428 3324 buscunqne
457 3240 574 3319 rebus,
595 3263 678 3324 quae
700 3242 785 3302 iutra
805 3241 915 3309 XXX.
937 3266 1037 3307 annos
1059 3268 1124 3307 non
1142 3243 1263 3305 fuerint
1282 3242 1332 3301 de-

237 3327 363 3401 finitae,
405 3323 498 3384 nullo
532 3343 583 3384 eas
615 3323 817 3406 postmodum
844 3325 957 3388 licebit
991 3319 1104 3389 ordine
1140 3322 1331 3388 commoveri.

238 3409 324 3488 Quia
346 3407 421 3466 satis
436 3403 614 3488 unicuique
632 3407 672 3466 ad
690 3406 923 3488 requirendum
941 3418 973 3470 et
992 3409 1232 3493 recipiendum,
1254 3403 1331 3486 quod

238 3493 269 3554 ei
295 3488 439 3552 debitum
458 3487 575 3568 fuerit,
599 3509 695 3572 supra
714 3487 850 3572 scriptus
871 3512 1030 3554 annorum
1046 3511 1198 3556 numeras
1220 3495 1332 3550 constat

237 3593 329 3658 posse
353 3570 510 3635 sufficere.

288 3724 379 3802 Ttr.
402 3719 565 3794 LXXX.
616 3720 677 3790 De
703 3723 853 3793 testibus
876 3721 968 3793 falsa
992 3665 1232 3796 referentibus
1255 3733 1287 3793 et

283 3909 286 3916 ⁴
631 3820 963 3892 calumniatoribus.

321 3949 347 4010 I.
387 3949 523 4010 Necesse
551 3953 599 4008 est
623 3968 661 4008 ea
690 3968 772 4031 quae
799 3947 905 4010 minus
929 3949 1102 4013 constituta
1130 3957 1222 4028 sunt,
1250 3967 1328 4034 prae·

304 4182 392 4310 epistt.
418 4183 563 4238 voluntate
579 4176 645 4253 fiat·
668 4179 859 4252 integramus
883 4179 1032 4252 mastrucas.
1117 4181 1139 4252 t)
1166 4175 1327 4252 Α1.ωε.]αᾰ

237 4272 309 4311 mm
360 4271 393 4306 m.
748 4292 750 4296 ·
