2876 4992
222 271 296 344 190
661 288 731 352 ssx
767 288 893 344 stares

215 397 361 510 XXVI.
402 431 461 502 De
487 428 627 502 libertis
654 444 759 503 extra

241 531 431 602 consilium
448 530 598 601 Domini
613 532 669 602 sui
682 531 733 600 di·
792 528 974 602 XXXVI.
1022 529 1081 601 De
1098 533 1260 608 Libertis
1276 537 1326 609 ‹ti-

423 629 554 704 missis.
898 629 1015 699 missis
1037 631 1217 724 ingenuis.

254 793 288 854 si
303 793 375 878 quis
386 791 531 854 alienum
545 794 665 855 laetum
680 800 756 857 ante
832 789 866 852 si
890 791 963 873 quis
987 792 1082 854 litum
1104 796 1249 860 alienum
1270 803 1326 888 qui

212 899 289 960 rege
311 897 370 958 per
389 875 550 938 dinarium
577 875 757 959 ingenuum
791 884 869 958 aput
877 875 1008 936 domino
1027 897 1086 936 suo
1102 878 1137 938 in
1154 879 1248 943 hoste
1261 885 1328 946 fue-

213 959 402 1036 demiserit,
425 968 457 1021 et
471 959 502 1020 ei
521 959 623 1020 fuerit
637 959 755 1043 adpro·
789 959 833 1018 rit
857 967 946 1018 extra
976 957 1112 1019 consilio
1135 960 1260 1025 domini
1278 967 1326 1027 sui

211 1043 323 1104 batum
337 1051 347 1114 (
360 1042 580 1102 malteoltiatur
598 1063 666 1102 meo
687 1043 757 1102 lex·
790 1047 863 1099 ante
878 1040 965 1121 Rege
980 1061 1039 1123 per
1052 1041 1223 1106 denarium
1236 1047 1327 1130 inge-

212 1126 279 1192 im]
294 1135 369 1185 sunt
383 1123 452 1190 din.
473 1123 531 1190 IV.
556 1124 617 1185 fac.
636 1123 695 1186 sol.
718 1125 753 1186 0.
788 1143 889 1182 nuum
901 1121 1076 1197 dimiserit(
1101 1146 1190 1189 rama.
1206 1131 1325 1192 malcho

211 1208 298 1286 culp,
321 1207 387 1273 iud,
747 1213 751 1230 '
786 1202 1015 1284 litosrioblr‘to')
1043 1215 1117 1266 sunt
1149 1210 1225 1270 den.
1254 1211 1325 1278 1111.

252 1289 287 1350 si
306 1311 384 1352 vero
398 1287 475 1351 laeti
491 1286 591 1373 ipsius
603 1287 752 1374 legitimi,
785 1289 843 1368 qui
861 1288 921 1352 fae.
939 1288 997 1348 sol.
1013 1289 1048 1352 C.
1069 1289 1156 1373 culp.
1173 1291 1241 1358 iud.
1262 1295 1325 1356 Res

212 1371 406 1438 refirmetm'.
786 1391 865 1432 vero
890 1368 990 1451 ipsius
1015 1370 1065 1430 liti
1094 1370 1242 1456 legitimo
1267 1377 1325 1438 do-

786 1451 875 1512 mino
893 1453 1097 1519 reformetur.

250 1537 284 1600 Si
295 1536 368 1618 quis
382 1556 460 1600 vero
473 1534 751 1600 servumalienum
827 1534 860 1594 si
879 1534 951 1614 quis
968 1554 1097 1596 servum
1110 1537 1255 1612 alienum
1267 1562 1324 1622 per
1378 1579 1382 1585 -

209 1618 390 1702 ingenuum
412 1618 572 1680 dimiserit
587 1618 666 1682 etei
683 1621 753 1690 fue·
785 1615 955 1678 denarium
991 1626 1065 1678 ante
1105 1621 1194 1702 Rege
1232 1623 1322 1705 iuge·

210 1703 254 1763 rit
267 1700 476 1783 adprobatum
499 1709 513 1774 (
529 1722 617 1773 amr.
632 1703 750 1763 maltha
784 1699 1065 1760 nuumdimisserit
1079 1705 1191 1776 (rests.
1203 1706 1321 1768 malcho

211 1781 750 1855 Imithomr'tto)suntdiu.ICCCC.
783 1783 890 1841 Siaclw
928 1784 1085 1857 meocbo)
1134 1797 1211 1846 sunt
1249 1787 1321 1850 den.

208 1868 270 1926 fac.
291 1867 349 1931 sol.
376 1863 511 1930 XXXV.
536 1867 622 1948 culp.
650 1866 749 1928 indie.
781 1863 915 1924 IGCCC.
929 1863 987 1945 qui
1002 1865 1060 1924 sol.
1074 1865 1211 1932 XXXV.
1237 1870 1319 1954 culp.

210 1969 269 2037 pro
289 1947 402 2016 disere
419 1945 542 2010 domini
556 1949 607 2009 sui
626 1948 749 2014 reddat.
782 1944 849 2008 iud.
863 1955 895 2008 et
909 1947 1004 2029 capit.
1022 1945 1058 2006 in
1074 1948 1147 2010 loeo
1166 1951 1319 2014 restituat.

234 2102 397 2176 XXVII.
452 2101 512 2174 De
534 2101 642 2177 furtis
673 2102 725 2176 di·
784 2097 986 2175 XXXVII.
1035 2101 1095 2171 De
1125 2101 1235 2176 furris
1261 2104 1318 2188 (11.-

343 2251 347 2262 «
413 2204 540 2277 versis.
696 2275 700 2282 ,
988 2202 1114 2278 versis.

248 2365 748 2450 Siquisrerotintinnodepor-
822 2362 857 2426 Si
888 2364 961 2446 quis
996 2363 1172 2430 tintinnum
1201 2365 1241 2430 de
1266 2365 1319 2432 int.

209 2448 283 2510 cina
302 2450 406 2510 aliena
424 2451 591 2528 furaverit,
616 2451 668 2511 cui
682 2453 750 2512 fue·
782 2449 1319 2530 porcusfur.(masathuoclracdo)

208 2533 252 2593 rit
263 2533 471 2614 adprobatum
482 2541 497 2608 (
508 2554 598 2593 aare.
617 2533 749 2598 leodar-
783 2530 943 2594 suntden.
959 2531 1026 2593 DC.
1040 2531 1097 2618 qui
1110 2532 1240 2598 faesol.
1251 2531 1317 2602 XV.

210 2615 271 2688 di)
286 2624 362 2676 sunt
382 2615 449 2677 din.
469 2613 537 2678 DC.
552 2615 677 2676 faciunt
691 2614 750 2681 sol.
783 2613 869 2700 culp.
885 2612 952 2679 iud.

210 2695 286 2759 XV.
319 2699 406 2783 culp.
433 2697 499 2761 iud.
523 2717 593 2765 exc.
619 2719 688 2784 cap.
717 2708 750 2760 et
851 2773 854 2777 .

212 2778 362 2846 ditatura.

251 2863 379 2924 sivero
406 2861 446 2924 de
470 2861 640 2946 pecoribus
659 2862 749 2922 fura*

210 2945 294 3004 verit
313 2955 345 3006 et
358 2944 396 3011 ¹ei
422 2945 523 3006 fuerit
541 2945 749 3028 adprobatum

211 3035 327 3099 (arasa.
352 3027 524 3098 leodardi)
549 3037 624 3089 sunt
646 3028 747 3096 dinar.

212 3107 317 3176 CXX.
336 3108 396 3169 fac.
414 3109 471 3169 sol.
494 3108 658 3191 111.culp.
681 3109 748 3178 iud.
1292 3157 1294 3163 .

252 3191 286 3249 Si
312 3190 384 3271 quis
404 3190 519 3272 pedica
538 3191 578 3253 de
605 3190 747 3253 caballus
822 3181 857 3244 si
887 3183 960 3265 quis
986 3183 1090 3268 petina
1119 3185 1160 3248 de
1193 3182 1313 3248 caballo

207 3272 385 3346 furaverit,
409 3271 461 3332 cui
478 3273 748 3355 fueritadproba-
779 3265 843 3330 sur.
879 3273 993 3339 (Mm-
1029 3265 1208 3346 leudardo)
1241 3273 1312 3328 sunt

210 3353 746 3425 tammam.leodardilsuntdin.
780 3346 855 3409 den.
883 3347 982 3409 CXX.
1010 3347 1068 3431 qui
1090 3350 1151 3448 lac.
1175 3351 1233 3414 sol.
1252 3350 1309 3412 III.
1391 3343 1394 3364 '

211 3434 309 3500 CXX.
329 3436 388 3498 fac.
404 3435 461 3499 sol.
481 3435 542 3500 III.
560 3438 644 3518 culp.
660 3437 726 3498 iud.
779 3428 952 3512 culp.i11d.
1214 3497 1217 3502 .

250 3517 285 3576 Si
308 3537 385 3578 vero
413 3517 528 3578 caballi
556 3517 617 3600 ipsi
643 3519 745 3600 perie·
933 3545 1144 3620 XXXVIII

208 3600 275 3663 rint
286 3645 295 3677 ,
318 3599 405 3682 ipsus
423 3600 455 3658 in
473 3609 569 3681 eaput
583 3601 705 3667 reddat.
1146 3599 1159 3617 '

251 3682 283 3741 Si
298 3681 370 3764 quis
383 3704 483 3746 messe
502 3683 609 3743 aliena
625 3683 658 3743 in
674 3685 745 3744 sur.
818 3673 853 3736 si
873 3675 946 3758 quis
963 3698 1096 3739 messem
1117 3677 1255 3740 alienam
1274 3674 1305 3734 ia

209 3776 278 3826 tum
302 3765 428 3830 meterit
447 3775 480 3825 et
504 3765 655 3827 inventus
675 3768 745 3828 fue.
763 3755 900 3818 ¹furtum
918 3769 1038 3820 metere
1065 3756 1307 3843 praesumpserit

207 3851 251 3909 rit
272 3851 371 3923 (marr.
390 3846 562 3917 leodardi)
583 3857 658 3907 sunt
677 3849 743 3914 din.
776 3841 886 3913 (Mm-
916 3840 1094 3914 teudardo)
1129 3853 1204 3904 811111
1239 3841 1307 3911 (1611·

208 3931 275 3991 DC.
286 3930 409 3991 faciunt
422 3929 480 3996 sol.
492 3929 560 3992 XV.
574 3925 660 4013 culp.
676 3930 743 3993 iud.
777 3921 845 3984 DC·
860 3921 918 4008 qui
939 3923 997 3990 sol.
1014 3923 1094 4006 XV„
1105 3923 1191 4012 culp.
1205 3921 1270 3992 iud.

247 4045 283 4105 si
308 4043 380 4126 quis
405 4043 438 4104 in
464 4052 533 4103 orto
562 4043 669 4107 alieno
694 4042 744 4105 in·

207 4147 332 4206 gressus
362 4124 462 4186 fuerit
486 4125 520 4184 in
546 4125 687 4206 furtum,
710 4137 743 4190 et

208 4210 238 4268 et
273 4207 375 4270 fuerit
395 4207 605 4292 adprobatum
628 4219 739 4288 (ursa.
