2900 5020
414 295 714 373 Annrrsunrt'ruu
733 293 892 374 'inritus
1174 273 1249 372 iii

135 457 389 544 contempserit,
421 453 483 522 vt
518 433 638 524 solides
671 452 831 516 tudtc'thns
874 451 1028 516 infersit·
1052 458 1084 517 et
1109 427 1266 521 arietat

135 545 274 606 nomine
294 541 419 604 'solidos
436 538 514 606 ΧΠ.
537 558 677 600 caussam
705 537 889 618 specialiter
913 535 1115 622 perditurus,‘
1142 544 1188 620 '¹‘
1218 534 1249 592 ²¹1

224 627 270 692 lt.
312 626 346 686 Si
371 639 449 686 vero
471 621 594 684 iudices
615 645 632 682 ιι
653 619 746 682 nubis
770 617 913 700 deputati
941 619 1060 682 ini'nst‘e
1087 616 1251 704 iudiinVei

133 710 228 789 rint,
251 708 355 771 sciant
376 727 409 769 se
430 716 481 766 ter
498 705 666 768 duodenos
686 703 745 770 sol.
765 703 904 764 mulctae
920 702 1052 766 nomine
1068 691 1251 769 noiis‘etii

136 793 300 855 inlaturos
321 790 392 854 sine
414 787 523 882 dubio.
718 871 722 878 Ι
1046 803 1049 810 ⁴

137 945 236 1017 Tlr.
251 941 318 1016 IV.
342 941 403 1012 De
419 932 604 1034 ingenuis,
631 938 693 1034 qui
708 961 789 1010 cum
820 961 928 1011 servo
944 903 1084 1012 furtuni
1097 936 1248 1013 faciunt.

206 1070 253 1138 .l.
294 1071 329 1133 Si
350 1070 422 1154 quis
440 1069 600 1151 ingenuus
614 1086 687 1128 cum
710 1088 805 1130 servo
819 1068 941 1128 furtum
955 1066 1087 1149 fecerit,
1106 1069 1253 1133 iubemus

136 1164 181 1218 ‚ut
203 1154 382 1219 secundum
407 1153 545 1236 pretium
570 1173 587 1212 a
618 1149 711 1216 nobis
734 1151 952 1220 constitutum,
976 1161 1032 1214 aut
1056 1167 1252 1232 vervecem,

142 1250 203 1304 aut
218 1259 362 1320 capram,
392 1245 447 1298 aut
465 1255 617 1319 porcum,
646 1243 701 1296 aut
724 1253 835 1319 apem,
863 1255 960 1316 quem
980 1235 1190 1318 involurerit,
1209 1237 1252 1304 ie

140 1321 279 1406 ¹triplum
297 1321 409 1384 solvet.
1222 1361 1225 1382 ι
1242 1345 1248 1379 z

227 1405 270 1466 11.
313 1404 432 1464 Servus
455 1421 532 1463 vero
555 1400 647 1466 CCC.
668 1398 804 1461 fustium
827 1397 910 1462 ictus
925 1399 1078 1486 accipiat,
1104 1409 1138 1466 et
1156 1424 1175 1463 u
1191 1400 1253 1468 dea

141 1484 234 1548 mino
256 1482 342 1547 servi
363 1482 464 1569 ipsius
490 1481 575 1544 nihil
600 1491 783 1566 quaeratur.

142 1639 235 1712 Τιι.
260 1633 310 1710 V.
359 1635 419 1708 De
450 1633 530 1724 his,
572 1636 634 1730 qui
664 1633 878 1706 mulieribus
907 1635 1091 1732 corruptis
1129 1637 1250 1716 crines

419 1735 459 1806 in
486 1745 590 1806 curte
618 1759 684 1804 sua
722 1734 978 1828 capulaverint.

225 1888 253 1950 Ι.
295 1885 491 1969 Quicunque
528 1885 688 1969 ingenuus
719 1884 848 1947 mulieri
878 1885 1039 1968 ingenuae
1074 1886 1180 1954 crines
1215 1885 1250 1946 iu

145 1980 236 2036 curte
259 1992 313 2032 sua
337 1969 585 2052 praesumpserit
609 1968 777 2051 capulare,
806 1967 953 2032 iubemus
976 1978 1013 2030 ut
1041 1969 1145 2032 XXX.
1172 1969 1253 2046 soti,

145 2056 204 2118 dos
225 2052 356 2120 mulieri
377 2052 438 2134 ipsi
461 2053 582 2114 solvat:
616 2060 649 2113 et
668 2050 806 2113 mulctae
830 2052 961 2112 nomine
990 2051 1110 2114 solidos
1127 2053 1199 2116 xit.
1259 2091 1261 2094 -

229 2137 272 2199 ΙΙ.
315 2136 410 2196 Certe
431 2133 459 2196 si
482 2135 522 2196 ad
540 2133 669 2196 battalia
687 2132 805 2196 mulier
826 2135 910 2197 foras
931 2143 1022 2196 curte
1045 2156 1102 2196 sua
1126 2133 1254 2213 exierit,

145 2227 251 2282 etant
268 2216 404 2280 vulnera
428 2217 606 2299 acceperit,
635 2225 691 2278 aut
714 2215 745 2276 ei
771 2215 870 2280 crinis
899 2215 1021 2278 incisus
1048 2216 1167 2294 fuerit,
1197 2216 1254 2277 im·

143 2309 239 2387 putet
263 2300 346 2380 sibi,
377 2299 452 2381 quia
473 2301 558 2362 foras
589 2300 717 2362 domum
737 2319 826 2359 suam
848 2319 973 2384 egressa
994 2307 1058 2362 esi:
1087 2309 1120 2362 et
1149 2300 1253 2374 abaco

144 2384 203 2469 qui
228 2405 298 2446 eam
317 2383 494 2467 percussit,
523 2393 580 2444 aut
598 2383 722 2444 crinem
747 2381 882 2460 incidit,
912 2380 995 2442 nihil
1015 2391 1199 2466 quaeretur.
1223 2425 1252 2474 .·,

227 2465 291 2528 111.
334 2467 429 2529 Certe
460 2465 487 2528 si
514 2466 652 2527 ancillae
684 2464 718 2524 in
752 2472 842 2525 curte
870 2485 927 2526 sua
953 2464 1016 2526 hoc
1043 2463 1187 2543 iecerit,
1212 2485 1253 2540 eu

145 2569 185 2610 eo
209 2547 282 2692 dlli.
318 2547 436 2611 solidos
465 2547 603 2610 ancillae
631 2547 698 2632 ipse
734 2546 852 2609 solvat:
889 2555 922 2610 et
952 2545 1091 2610 mulctae
1120 2546 1252 2631 numine

144 2630 205 2692 soli
231 2653 265 2694 os
292 2632 335 2694 11.
1175 2635 1194 2650 ““

227 2715 285 2776 lV.
328 2713 362 2775 si
383 2732 494 2774 servus
520 2733 599 2776 vero
622 2710 752 2773 mulieri
784 2708 943 2792 ingenuae
972 2707 1036 2772 hoc
1062 2731 1253 2794 praesump-

142 2793 220 2878 serit
247 2796 373 2874 facere,
409 2795 553 2857 tradatur
579 2795 619 2857 ud
649 2803 785 2857 mortem
810 2801 879 2854 eta
902 2792 1034 2855 domino
1059 2791 1254 2892 serri’uipiq

168 2885 327 2942 uaeratur.
1138 2885 1142 2894 ’
1238 2921 1251 2943 ι

143 2895 166 2958 q
226 2957 265 3024 V.
307 2955 405 3037 Quod
437 2956 464 3018 si
502 2957 651 3019 dominus
686 2956 772 3019 servi
799 2955 941 3019 voluerit
970 2979 1045 3020 eum
1076 2957 1116 3020 de
1150 2945 1253 3035 martti

143 3039 324 3118 redimere,
353 3039 465 3100 decem
494 3040 604 3101 solidis
629 3039 775 3102 iubemus
794 3049 923 3102 servum
950 3038 1054 3122 ipsum
1079 3027 1252 3106 redimeres

224 3123 281 3188 VI.
322 3121 474 3184 iubemus
496 3121 607 3201 etiam,
635 3132 671 3183 ut
686 3131 854 3204 postquam
882 3143 901 3182 a
926 3120 1032 3186 iudice
1053 3141 1162 3186 servus
1185 3122 1253 3212 ipse

144 3201 275 3272 domino
304 3204 440 3265 traditus
473 3204 589 3282 fuerit,
617 3215 749 3267 centum
768 3203 903 3266 fustium
923 3203 1006 3268 ictus
1027 3203 1183 3287 accipiat,
1217 3198 1254 3264 ιιῑ
1291 3268 1292 3271 ,

142 3295 252 3368 postea
273 3287 367 3350 elteri
398 3286 551 3348 iniuriam
572 3308 637 3350 non
658 3287 772 3367 saciat,
797 3308 858 3350 nec
879 3286 1010 3351 domino
1024 3310 1083 3354 suo
1099 3288 1251 3352 damnum

142 3367 272 3437 inferat.

174 3519 267 3592 Trr.
290 3521 356 3596 VI.
407 3522 466 3594 De
488 3519 645 3595 brachiis
668 3533 731 3592 aut
758 3494 876 3614 tibiis,
912 3543 1004 3622 quae
1031 3521 1078 3594 ab
1103 3517 1251 3594 attera*

593 3622 823 3716 franguntur.
1144 3649 1149 3658 ·

224 3747 421 3830 Quicunque
451 3749 492 3812 de
517 3749 644 3834 lapide,
683 3758 739 3810 aut
763 3751 866 3829 fuste,
901 3748 954 3813 vel
986 3769 1099 3813 secure
1122 3749 1252 3826 inuersa

143 3827 328 3911 cuicunque
365 3832 533 3894 braciiium
564 3840 620 3894 aut
654 3831 762 3893 tibiam
796 3831 946 3916 fregerit,
981 3830 1128 3896 iubemus
1151 3843 1189 3898 ut
1221 3832 1254 3897 ei

143 3911 215 3976 XV.
236 3913 354 3976 solidos
374 3916 493 3977 solvat:
523 3925 557 3978 et
581 3916 719 3978 mulctae
740 3915 872 3977 nomine
894 3914 1013 3980 solidos
1034 3914 1093 3982 VI.
1174 3975 1188 3982 ..

436 4066 529 4144 Tru.
555 4060 659 4145 vlt·
695 4068 754 4139 De
790 4067 953 4161 navigiis.

224 4189 252 4257 Ι.
293 4193 490 4278 Quicunque
519 4195 606 4268 neris
632 4197 806 4277 caupulum
828 4193 973 4257 involare
986 4151 1254 4279 praesumpserit,

142 4271 260 4340 inierat
275 4275 307 4339 ei
327 4277 418 4341 euius
442 4278 533 4344 uaris
560 4285 625 4359 est,
656 4278 776 4342 solidos
800 4277 876 4344 VII.
897 4287 931 4343 et
954 4279 1093 4347 mulctae
1117 4279 1254 4374 nostine
