2906 5008
233 237 314 324 ‚¹224
350 259 352 270 ’
496 253 600 312 saon
618 255 893 314 ammnnoauu
909 255 980 311 rm.
1002 253 1117 312 auru.

226 397 523 490 'wadel-XXVI.
550 406 642 482 (77.)
692 397 752 470 Do
764 400 882 492 coqui
897 398 1353 492 morttaudusimputatur.

313 533 348 594 Si
372 531 445 616 quis
469 527 657 592 mortlaudit
676 527 791 588 barum
814 538 871 590 aut
894 529 1047 590 feminam
1074 527 1132 602 lc),
1160 527 1219 609 qui
1240 531 1354 610 qualis

229 615 353 702 spreuit,
382 613 561 681 secundum
589 611 769 694 legitimum
794 609 1003 692 weregildum
1027 620 1165 687 (novom
1185 612 1291 691 geldis
1311 615 1328 671 l
1338 629 1353 682 t

229 699 392 774 solvatur,
414 705 469 758 aut
483 718 557 758 cum
575 693 690 776 viginti
714 703 853 776 quatuor
878 703 960 754 totos
982 694 1103 758 electos
1120 701 1172 764 m)
1194 704 1251 755 aut
1271 717 1352 757 cum

230 780 414 866 octuaginta
433 781 544 862 quales
567 777 716 838 invenire
737 775 881 859 potuerit
897 775 993 838 iuret.
1281 799 1286 804 ·

230 901 322 970 Tru.
347 895 544 974 LXXVII,
569 894 663 991 (78.)
713 896 770 964 De
787 919 831 963 eo
850 897 910 986 qui
929 895 1099 986 gravidae
1111 895 1261 965 mulieri
1278 919 1348 968 na.

619 1007 698 1064 tum
720 993 958 1068 interfecerit.

313 1127 349 1188 Si
380 1147 444 1208 qua
474 1113 592 1177 mulier
616 1113 744 1197 gravida
775 1113 893 1190 fuerit,
925 1123 957 1174 et
979 1134 1038 1196 per
1060 1115 1182 1176 factum
1209 1115 1348 1177 alterius

230 1211 337 1289 infans
367 1216 459 1270 natus
489 1208 633 1260 mortuus
655 1195 775 1268 suerit,
807 1207 862 1258 aut
889 1195 916 1256 si
944 1197 1033 1258 virus
1054 1209 1147 1260 natus
1168 1199 1290 1276 fuerit,
1313 1209 1348 1259 et

231 1301 305 1354 octo
331 1290 401 1352 dies
426 1306 491 1348 non
520 1281 599 1342 vivit
626 1278 682 1365 n),
706 1280 758 1340 cui
782 1279 973 1360 imputatum
999 1279 1109 1356 fucrit,
1132 1281 1349 1363 quadraginta

233 1374 345 1438 solidis
371 1374 495 1446 solvat,
524 1373 580 1424 aut
598 1385 672 1426 cum
690 1362 862 1428 duodecim
884 1361 1006 1424 medios
1029 1363 1149 1425 electos
1173 1368 1217 1440 ο)
1248 1364 1347 1426 iuret.

353 1491 442 1560 Ttr'·
466 1481 684 1558 LXXVIII.
710 1476 819 1576 (79.)
870 1479 926 1548 De
952 1481 1076 1572 precio
1102 1479 1219 1557 bovis.

253 1655 255 1660 .
311 1619 459 1702 optimus
474 1615 531 1676 bos
545 1612 690 1694 quinque
710 1607 869 1670 tremissos
889 1607 993 1683 valet,
1012 1607 1180 1669 medianus
1200 1619 1344 1690 quatuor

228 1703 389 1766 tremisses
403 1702 508 1774 valet,
531 1699 636 1756 minor
651 1693 734 1753 sicut
756 1691 951 1772 adpretiatus
971 1689 1078 1756 fuerit.
1120 1693 1186 1768 Qui
1203 1694 1243 1754 de
1263 1692 1343 1776 ipsis

228 1789 372 1869 aliquem
395 1779 603 1856 involaverit,
624 1776 709 1838 sicut
728 1774 781 1834 lex
803 1773 917 1851 habet,
940 1773 984 1832 ita
1010 1783 1188 1856 componat.

230 1905 322 1977 TIT·
347 1897 527 1974 LXXIX.
553 1898 650 1980 (80.)
699 1893 824 2060 Depo
843 1895 908 2008 pai
924 1903 1087 1988 pastores
1111 1893 1170 1965 vel
1182 1891 1340 1964 artifices

694 2015 769 2062 ocor
798 2007 880 2066 erit.

309 2121 336 2185 I.
378 2121 412 2182 Si
425 2128 534 2202 pastor
555 2134 738 2197 porcorum,
764 2114 821 2192 qui
842 2111 939 2172 habet
962 2109 996 2170 in
1023 2131 1118 2193 grege
1140 2111 1337 2194 quadragin-

227 2217 260 2268 ta
276 2226 402 2288 porcos,
426 2212 458 2264 et
471 2201 566 2261 habet
587 2218 699 2257 canem
721 2195 862 2270 doctum,
885 2203 917 2256 et
936 2215 1038 2254 cornu
1060 2205 1091 2254 et
1109 2195 1270 2256 iuniorem
1288 2201 1335 2274 o),

227 2290 351 2352 occisus
372 2287 487 2362 fuerit,
519 2278 728 2364 quadraginta
755 2278 866 2338 solidis
890 2284 1109 2358 componatur.

306 2371 348 2431 ll.
389 2367 563 2451 Legitimos
596 2373 701 2445 pastor
726 2359 858 2436 ovium,
892 2360 918 2418 si
951 2361 1134 2440 octuaginta
1160 2357 1263 2442 capita
1298 2360 1332 2418 iu

217 2467 323 2539 'grege
349 2451 446 2512 habet
473 2446 596 2510 domini
630 2444 679 2506 sui
694 2487 707 2516 ,
738 2452 770 2505 et
797 2442 922 2506 occisus
950 2441 1070 2520 fuerit,
1097 2464 1172 2504 cum
1198 2442 1332 2524 quadra·

227 2538 315 2620 ginta
341 2534 453 2595 solidis
479 2538 697 2611 componatur.

259 2654 283 2664 ··
308 2618 371 2683 Ill.
413 2616 448 2678 Si
470 2612 606 2676 alicuius
631 2608 848 2684 mancaleus,
879 2603 936 2688 qui
959 2617 1152 2685 corruscat,
1180 2615 1213 2666 et
1232 2605 1330 2667 domi·

225 2719 302 2778 ua„
316 2701 386 2764 eius
409 2696 581 2760 duodecim
605 2713 709 2754 vassos
731 2693 814 2752 infra
838 2689 967 2750 domum
988 2689 1093 2767 habet,
1119 2689 1243 2751 occisus
1263 2689 1330 2750 fue·

224 2785 285 2862 rit,
308 2781 519 2864 quadraginta
546 2775 657 2838 solidis
680 2781 896 2856 componatur.

266 2917 270 2922 .
307 2868 361 2931 IV,
404 2867 437 2925 Si
459 2860 661 2924 mariscalcus
681 2857 737 2938 qui
753 2876 850 2936 super
865 2853 1034 2916 duodecim
1048 2853 1187 2917 caballos
1208 2863 1266 2932 est,
1281 2875 1330 2915 oc-

226 2941 367 3026 ciditur,
389 2943 601 3028 quadraginta
624 2939 735 3001 solidis
759 2946 978 3019 componatur.

309 3032 349 3096 V.
392 3029 426 3088 Si
454 3048 576 3108 coquus
603 3023 660 3104 qni
684 3021 847 3082 iuniorem
878 3019 976 3082 habet
1000 3019 1177 3100 occiditur,
1200 3019 1331 3103 quadra·

229 3115 320 3200 ginta
339 3111 451 3174 solidis
474 3116 693 3190 componatur.

250 3233 263 3246 ι·
312 3194 371 3254 VI.
413 3193 447 3254 Si
471 3193 653 3272 pistorp),
682 3186 840 3250 similiter.

311 3277 384 3339 VII.
426 3277 545 3342 Faber,
569 3270 695 3330 aurifex
714 3278 755 3350 q)
776 3277 831 3327 aut
850 3267 1022 3348 spatarius,
1045 3267 1101 3348 qui
1120 3267 1251 3348 publice
1263 3287 1331 3348 pro·

228 3357 296 3419 tuti
312 3365 403 3433 aaut,
425 3356 452 3417 si
478 3355 683 3430 occidantur,
706 3349 914 3434 quadraginta
938 3349 1050 3412 solidis
1072 3359 1314 3433 componantur.

234 3643 239 3666 ²
302 3627 337 3698 lc)
356 3627 479 3682 Schilter.
499 3627 529 3679 Si
547 3625 608 3699 quis
615 3623 721 3695 fecerit
737 3616 914 3682 mordtotuna,
941 3621 1036 3672 barum
1059 3633 1109 3673 aut
1126 3621 1261 3742 {paninum
1285 3633 1332 3676 etc.

232 3698 360 3752 Corbion.
385 3701 415 3752 Si
435 3700 497 3768 quis
524 3692 682 3750 morttaudu
706 3692 731 3742 si
755 3690 823 3742 baro
851 3701 900 3740 aut
914 3690 1026 3762 scamina
1049 3704 1098 3743 etc.
1158 3701 1192 3744 et.
1220 3691 1250 3741 Si
1275 3693 1332 3762 quis

231 3770 411 3824 inmrrn'do
428 3773 526 3823 'darum
541 3779 591 3818 aut
602 3766 739 3836 seminam
764 3759 912 3820 occiderit,
939 3759 1087 3814 secundum
1107 3775 1157 3814 etc.
1180 3761 1288 3812 Herold.
1306 3762 1333 3812 Si

232 3842 279 3894 cui
295 3840 453 3894 ,norgaudus
475 3837 640 3908 imponitur,
660 3835 720 3885 sive
740 3831 776 3879 sit
795 3829 863 3881 baro
887 3830 946 3882 sive
960 3831 1078 3900 fhrrzina.
1133 3832 1167 3896 l)
1185 3827 1291 3882 Desunt
1307 3831 1333 3880 in

231 3910 300 3964 Cod.
319 3914 380 3977 Reg.
400 3920 428 3964 et
447 3908 573 3963 Corbion.
611 3907 680 3956 Item
698 3902 727 3952 in
743 3897 807 3950 edit.
826 3899 878 3950 Til.
901 3911 929 3951 et
948 3901 1057 3952 Horold.
1135 3899 1179 3971 m)
1199 3900 1276 3952 Liud.
1297 3911 1333 3952 tot

233 3981 334 4036 electis.
353 3981 461 4034 Herold.
482 3992 522 4031 tot
540 3980 646 4030 electos.
701 3972 742 4040 n)
760 3969 826 4020 Met.
845 3982 871 4020 et
888 3989 945 4022 non
962 3971 1062 4024 vixerit
1077 3983 1175 4042 septem
1193 3969 1259 4022 dies.
1285 3972 1334 4022 Pu-

231 4045 304 4102 tean.
324 4060 352 4104 et
371 4051 496 4102 Schilter.
514 4061 540 4100 et
558 4063 654 4098 nonem
672 4039 729 4094 dies
748 4056 806 4089 non
832 4041 902 4091 vivit
949 4041 987 4108 o)
1013 4040 1139 4094 Schilter.
1165 4039 1333 4110 discipulum.

228 4121 333 4255 „illl
360 4121 447 4175 Codd.
475 4129 503 4176 et
526 4117 591 4172 edit.
616 4113 689 4170 male
713 4107 819 4183 pastor.
872 4111 914 4184 q)
939 4109 1016 4168 Liud.
1042 4111 1096 4165 Til.
1122 4118 1151 4164 et
1176 4110 1245 4165 Cod.
1273 4111 1331 4177 Res.

230 4207 345 4248 ardet.
407 4233 411 4240 .
573 4221 578 4232 .
