2906 5008
214 257 297 341 ωδ
483 274 587 340 ansts
606 278 881 338 saannsaosan
897 283 969 342 nr.
989 285 1086 342 xxrv.

186 477 190 482 ·
218 413 445 501 errarent.
489 425 561 524 tls·
590 424 651 495 lrls
681 415 748 520 ‘qni
779 425 966 498 Ecclesiae
1000 449 1147 500 serrum
1172 420 1232 502 rel
1256 449 1339 500 en·

485 527 609 596 cillam
632 529 858 618 susceperint
880 527 1062 620 fugitivos.

231 669 276 701 ··'¹³
299 655 432 740 &quis
457 653 655 737 mancipium
679 655 865 733 Ecclesiae,
893 666 949 716 ant
972 677 1119 736 servum,
1145 666 1201 717 ant
1229 647 1342 718 elicii·

217 742 304 820 leel,
334 739 508 822 fngitiynm
535 737 732 822 susceperit,
764 746 798 798 et
817 739 1060 822 ipsePresbyter
1084 742 1245 823 requirat,
1265 751 1342 801 sset

217 821 335 902 missus
350 827 422 885 eins
448 819 623 904 legitimos,
646 829 679 882 et
698 822 755 882 ille
778 821 959 903 neglexerit
984 821 1138 900 reddere,
1161 833 1194 884 et
1215 833 1351 884 centn·

216 909 325 992 legem
339 905 564 982 'snoesteterit
596 906 681 966 ticet
709 904 792 965 solet
813 903 886 965 aliis
902 903 1089 966 Alamannis
1114 919 1338 990 componere,

219 990 264 1053 ita
287 999 319 1052 et
341 987 515 1071 tripliciter
538 995 717 1069 componat.
770 987 811 1048 Et
832 986 992 1069 quicquid
1024 988 1190 1050 Ecclesiae
1215 995 1340 1050 contra

217 1072 325 1160 legem
351 1071 486 1148 senserit,
513 1070 620 1135 omnia
650 1066 824 1154 tripliciter
843 1080 1014 1154 componat
1034 1071 1117 1134 siem
1137 1072 1192 1134 lex
1221 1070 1340 1157 habet,

219 1190 311 1275 ΤΠ.
327 1190 454 1280 XXII.
505 1189 676 1281 Qualiter
689 1189 798 1360 sepsi
824 1189 1010 1262 Ecclesiae
1028 1193 1166 1264 tribute
1182 1190 1341 1260 solvere

715 1312 735 1358 e
762 1302 860 1365 eant.

303 1415 397 1478 Serri
424 1415 513 1476 enim
547 1413 716 1480 Ecclesiae
753 1413 872 1476 tributa
902 1435 960 1477 sua
995 1415 1138 1500 legitime
1169 1417 1338 1498 reddant,

218 1495 409 1584 quindecim
435 1499 528 1561 siclas
556 1497 596 1560 de
622 1497 797 1576 cerevisia,
832 1519 966 1584 porcum
991 1503 1154 1560 valentem
1183 1501 1338 1564 tremisso

217 1601 306 1661 nno,
329 1603 444 1666 panem
465 1581 570 1643 modia
589 1581 673 1662 dno,
699 1579 809 1666 pullus
832 1583 995 1664 quinque,
1019 1605 1080 1643 ova
1099 1583 1225 1665 viginti.
1257 1585 1339 1644 An-

218 1663 316 1727 cillae
337 1673 444 1724 antem
458 1685 554 1748 opera
574 1661 720 1747 imposita
739 1661 809 1725 sine
827 1665 977 1746 neglecto
992 1663 1120 1727 faciant.
1162 1665 1255 1726 Serri
1278 1689 1340 1726 au·

220 1759 285 1810 tem
307 1747 475 1809 dimidium
497 1747 569 1825 sibi,
592 1747 759 1808 dimidium
775 1747 808 1806 in
829 1746 992 1808 dominico
1013 1749 1168 1808 aralirum
1181 1748 1337 1810 reddant.

217 1831 309 1899 Etsi
336 1829 532 1912 superhaec
554 1841 611 1907 est,
633 1831 718 1892 sicut
731 1851 817 1895 servs
834 1829 1044 1894 ecclesiastici
1063 1832 1106 1892 ita
1125 1831 1246 1896 saciant
1264 1840 1337 1896 tres

218 1913 290 1976 dies
306 1912 389 1991 sibi,
404 1923 437 1974 et
451 1922 516 1974 tres
538 1911 571 1972 in
595 1913 768 1975 dominico.

220 2031 312 2130 ΤΠ.
338 2033 486 2106 XXIII.
536 2031 596 2100 De
634 2032 770 2102 colonis
806 2032 1076 2120 ecclesiasticis,
1103 2036 1133 2104 si
1158 2036 1204 2104 ad
1220 2035 1333 2130 Epis·

286 2155 417 2228 copnrn
436 2133 558 2202 autad
576 2133 732 2201 iudicem
749 2155 855 2202 suurn
879 2137 1004 2204 venire
1028 2134 1263 2226 dispexerint.

299 2261 325 2322 l.
366 2257 476 2320 Liberi
510 2268 617 2320 antem
651 2257 882 2338 ecclesiastici,
914 2281 996 2341 qnos
1025 2255 1159 2323 colonos
1194 2274 1333 2344 vocant,

220 2361 354 2422 omnes,
374 2344 459 2404 sicut
478 2351 510 2402 ct
530 2341 639 2403 coloni
659 2341 772 2426 Regis,
795 2342 838 2402 ila
861 2342 998 2403 reddant
1019 2343 1059 2404 ad
1080 2343 1267 2411 Ecclesiam,

231 2423 246 2455 ⁴
302 2423 345 2492 ll.
386 2424 419 2485 Si
445 2424 518 2507 quis
543 2417 700 2508 (legitime
734 2424 889 2485 tributum
917 2427 1116 2487 antesteterit
1136 2427 1332 2512 periussio-

219 2529 296 2574 nem
312 2515 345 2586 s)
372 2507 490 2569 iudicis
508 2508 570 2586 sui,
591 2531 647 2570 sex
666 2510 778 2571 solidis
791 2508 831 2570 sit
846 2507 1027 2591 culpabilis.

234 2624 252 2662 a·
287 2593 367 2659 :HL
404 2591 447 2654 Et
473 2611 735 2674 operaquaeqne
764 2592 912 2673 imposita
943 2591 973 2651 ei
1001 2590 1125 2652 fuerint
1150 2593 1332 2656 secundnm
1419 2595 1420 2600 ’

219 2675 425 2752 mandatum,
447 2683 501 2733 ant
527 2675 688 2754 quomodo
717 2677 772 2738 lex
800 2673 913 2753 hahet,
942 2674 969 2736 si
993 2695 1059 2736 non
1085 2673 1331 2759 adimpleverit,

218 2779 276 2822 sex
297 2757 410 2819 solidis
428 2755 472 2820 sit
492 2755 672 2837 culpabilis.

230 2860 258 2898 l*
299 2833 358 2904 IV.
398 2841 441 2920 Ei
459 2837 486 2900 si
511 2837 653 2921 sigillum
678 2849 732 2900 ant
754 2838 883 2922 signnm
904 2839 1133 2922 qualecunque
1157 2839 1257 2900 iudex
1273 2861 1335 2922 per

200 2919 393 2986 iustiorem
409 2919 532 2983 domini
549 2921 598 2982 sni
614 2922 834 2999 transmiserit,
857 2931 888 2982 et
912 2944 985 2982 eum
1001 2922 1115 2983 venire
1138 2929 1160 3002 t)
1177 2923 1333 2999 iusserit,

219 3012 281 3067 slat·
295 3006 458 3066 ambolare
480 3004 514 3064 in
541 3003 681 3086 aliquam
707 3006 895 3082 utilitatem,
920 3015 953 3066 et
975 3006 1031 3065 ille
1051 3005 1247 3088 neglexerit,
1271 3027 1330 3066 sex

219 3085 596 3168 mmmmm&
1323 3083 1327 3092 “

301 3169 342 3231 V.
384 3170 419 3230 Si
440 3178 546 3229 autem
567 3168 710 3251 sigillum
734 3169 885 3252 Episcopi
905 3170 1114 3252 (neglexerit,
1138 3177 1194 3230 snt
1214 3169 1256 3230 ad
1273 3191 1329 3230 ve·

218 3251 387 3330 siendum,
411 3260 467 3310 ant
488 3251 788 3326 adambulandum,
810 3252 866 3313 nbi
888 3253 1016 3315 iusserit
1028 3258 1069 3331 ιι),
1087 3253 1258 3315 duodecim
1277 3273 1328 3314 so·

218 3334 295 3396 lidie
320 3335 362 3395 sit
385 3333 566 3415 culpabilis.

193 3513 197 3521 .
221 3435 485 3530 'r1r.'xxlv.
534 3450 592 3522 De
617 3478 662 3524 eo
683 3456 744 3547 qui
766 3455 804 3526 in
829 3468 984 3526 mortem
997 3455 1109 3526 Ducis
1120 3453 1328 3525 consiliatus

710 3554 850 3628 fuerit.-

302 3646 337 3707 δί
357 3645 477 3730 aliquis
498 3647 595 3710 home
618 3646 652 3708 in
677 3659 811 3711 mortem
834 3650 934 3711 Ducis
956 3649 1144 3712 consiliatus
1165 3649 1330 3728 luennaci

218 3729 296 3813 inde
323 3733 492 3803 convictus
522 3730 640 3810 fuerit,
669 3743 724 3794 aut
759 3734 857 3794 vitam
883 3733 1015 3816 perdat,
1046 3742 1101 3792 sut
1121 3735 1328 3811 seredimat,

218 3799 395 3880 sicntilux
424 3823 481 3876 aut
506 3806 670 3896 principes
691 3815 803 3898 populi
829 3815 1055 3876 iudicaverint.
1096 3813 1141 3875 Et
1165 3815 1192 3877 si
1220 3816 1327 3877 iurare

217 3899 379 3975 voluerit,
401 3918 475 3958 cnm
496 3899 667 3958 duodecim
692 3897 863 3960 nominatis
888 3897 973 3962 iuret
995 3898 1029 3958 in
1053 3898 1198 3961 Ecclesia
1219 3921 1327 3961 coram

217 3983 528 4061 Dece„,api·qnenr
548 3980 606 4048 ille
628 3979 760 4050 mnerit.
1248 4013 1249 4020 κ

238 4149 277 4199 ἦ
288 4150 459 4252 sl²ilclilltlli
478 4167 627 4250 legalitatem
643 4171 776 4249 ¹trilntnm
792 4151 997 4232 'contradixeris
1012 4174 1086 4252 'etsi
1097 4197 1153 4250 non
1170 4153 1327 4252 'arripiam
1368 4153 1382 4165 μ

219 4247 241 4318 t)
259 4252 387 4307 Schilter.
406 4251 540 4324 equitare.
593 4258 626 4315 a)
646 4243 771 4304 scillcet.
790 4249 953 4320 neglexerit,
974 4263 1028 4321 qno
1043 4249 1157 4303 lasseris
1165 4249 1256 4322 jem,
1273 4243 1287 4270 s.
1303 4243 1332 4279 rt
