2906 5008
224 241 302 329 800
544 279 720 338 esurum
738 275 1152 334 memssuessmosuu

245 425 294 499 2'9'.
315 417 367 476 De
379 422 651 500 superventoribus
666 437 697 485 et
711 424 762 507 ef·
815 413 864 482 52.
886 416 935 475 De
953 420 1135 484 mulieribus
1158 422 1334 511 desponsa-

317 497 525 579 Jbaetoribus.
898 504 1035 580 tis‚quae
1051 505 1097 566 ad
1112 508 1246 572 aliarum
1260 532 1335 573 con·

242 580 293 650 So,
314 583 363 642 De
386 590 543 671 corruptis
567 591 759 653 mulieribus.
895 588 1027 646 sortium
1039 588 1171 650 libidine
1182 594 1334 674 instigan-

224 663 293 725 es.
314 665 362 724 De
374 669 557 750 plantandis
570 675 683 739 uineis.
895 680 924 726 ie
943 671 1133 732 transierint.

241 745 292 807 52.
314 747 363 806 De
379 769 415 812 eo
425 755 480 832 qui
494 755 649 818 bominem
658 756 760 817 inlici·
812 744 861 814 53.
883 750 932 810 De
941 751 1167 814 hereditatibus
1167 754 1333 838 filiorum,

285 858 287 867 =
324 840 353 888 te
366 843 397 891 et
408 835 475 896 sine
491 857 584 899 causa
602 839 759 918 ligaverit.
893 836 948 917 qui
974 847 1048 918 post
1077 839 1180 917 patris
1211 841 1333 902 obitum

241 909 292 976 55,
312 911 362 971 De
383 915 519 996 iniuriis,
529 941 606 1001 quae
616 921 759 982 gualieri.
893 929 991 977 malfe
1004 919 1170 1000 superstite
1191 921 1335 985 inlesiali

324 994 517 1061 businiacae
531 1001 668 1084 suerint.
894 1000 1080 1066 moriuntur.

241 1073 290 1148 54.
313 1075 360 1134 De
380 1079 541 1146 divortiis,
810 1075 861 1158 54.
881 1079 931 1140 Dc
944 1083 992 1142 tu's
1003 1084 1059 1163 qui
1070 1084 1195 1144 tertiam
1214 1090 1332 1150 manci-

240 1155 289 1223 55.
311 1159 361 1220 De
391 1183 555 1226 servorum
584 1170 757 1252 suppliciis,
890 1164 1029 1246 piarum,
1038 1177 1069 1224 et
1082 1163 1161 1224 duas
1172 1179 1330 1230 terrarum

320 1245 376 1325 qui
408 1246 550 1327 ingenuis
578 1253 759 1314 mulieribus
889 1259 1113 1330 partescontra
1126 1248 1330 1313 interdictum

322 1326 382 1386 vim
399 1329 534 1410 pudoris
552 1335 724 1397 intulerint.
856 1395 860 1406 ¹
889 1327 1331 1412 publicumpraesumpserint.

239 1402 289 1470 36.
311 1405 360 1464 De
381 1410 493 1472 incesti
508 1414 674 1480 adulterio,
810 1405 861 1472 55.
881 1409 930 1470 De
949 1409 1150 1472 removendis
1172 1413 1329 1478 Barbaro-

239 1485 289 1568 57.
310 1487 358 1546 De
371 1490 482 1555 educto
495 1497 613 1574 gladio,
889 1512 959 1552 rum
977 1495 1144 1573 personis,
1184 1498 1327 1574 quotiens

238 1568 287 1636 58.
309 1570 755 1662 Detaspuattuntegattseae-
889 1573 975 1634 inter
997 1575 1076 1636 daos
1101 1575 1256 1638 Romanos
1285 1579 1328 1640 de

321 1665 498 1718 transarum
511 1665 647 1741 gentium
661 1677 691 1724 et
703 1666 754 1725 iti·
889 1677 1036 1736 wromm
1056 1654 1183 1737 finibus
1220 1658 1326 1740 suerit

318 1741 498 1802 nerantibus
522 1765 584 1804 non
602 1745 754 1825 neganda,
890 1741 1182 1802 enortaconteatio.

236 1817 286 1899 59.
307 1818 356 1878 De
372 1825 505 1905 receptis
526 1825 669 1888 advenis.
807 1816 859 1887 56.
878 1821 928 1882 De
951 1824 1051 1883 seruis
1079 1824 1114 1882 in
1136 1822 1324 1886 Alamannia

233 1901 286 1977 4ο.
308 1901 357 1962 De
371 1906 673 1976 manumissionibus,
887 1903 1086 1986 comparatis.

229 1984 287 2060 ’4ι.
307 1985 356 2044 De
366 1988 519 2048 messibus
528 1989 754 2055 incendiator·
806 1981 858 2064 57.
876 1986 1323 2066 Dellbttissflutgtmfflvnum

237 2071 243 2088 '
315 2070 469 2131 crematis.
886 2068 943 2150 qui
958 2070 1043 2128 viam
1057 2067 1243 2130 discedendi
1258 2093 1322 2134 non

232 2146 283 2223 42.
303 2148 353 2208 De
377 2147 602 2217 hereditatibus
631 2177 751 2237 certent,
887 2149 1062 2212 habuerim·

313 2231 369 2310 qui
386 2234 549 2318 sineflliis
565 2239 751 2308 moriuntur.
804 2227 854 2299 68.
875 2232 924 2291 De
940 2255 1016 2294 eane
1026 2233 1202 2295 occisosine
1216 2234 1322 2319 eulpa,

231 2308 283 2386 45.
304 2311 353 2371 De
374 2313 604 2382 donationibus.
802 2312 853 2396 59.
874 2315 922 2374 De
943 2315 1114 2397 nepotibus.

230 2391 282 2469 44.
302 2392 351 2454 De
383 2396 549 2460 adulteriis
576 2399 749 2466 puellarum
799 2391 852 2464 60.
873 2397 922 2458 De
958 2395 1146 2460 adhibendis
1172 2395 1320 2462 donatio-

313 2486 343 2554 et
358 2477 535 2547 viduarum.
572 2473 579 2486 ”
882 2501 955 2540 num
971 2480 1166 2544 testimoniis.

228 2557 280 2636 45.
301 2559 350 2619 De
379 2561 428 2622 liis
451 2565 507 2643 qui
542 2566 662 2628 obiecta
686 2569 749 2631 sibi
800 2556 852 2627 6ι.
871 2563 922 2624 De
933 2561 1126 2638 mulieribus,
1136 2581 1214 2641 quae
1227 2583 1320 2647 spon·

308 2647 511 2726 negaverint,
541 2661 570 2708 et
592 2651 747 2730 praeben·
770 2707 781 2722 ,Ι
884 2657 914 2705 te
936 2642 981 2704 ad
997 2645 1064 2704 viri
1088 2644 1204 2704 coitum
1232 2667 1318 2706 vene·

220 2724 224 2733 ’
264 2723 268 2731 ’
309 2724 386 2786 dum
397 2727 567 2792 obtulerint
583 2733 745 2794 iusiuran-
879 2729 952 2788 rint·

310 2808 395 2870 dum.
795 2806 846 2877 62.
867 2811 916 2870 De
925 2807 1014 2892 filiis
1031 2808 1139 2872 unicis.

225 2887 276 2968 46.
297 2889 348 2950 De
380 2892 429 2952 tts
454 2893 509 2974 qui
533 2906 673 2958 tensurus
700 2896 746 2957 ed
794 2889 846 2958 65.
867 2894 916 2953 De
927 2893 977 2951 bis
995 2890 1050 2970 qui
1058 2910 1189 2950 messem
1201 2893 1234 2952 in
1241 2911 1315 2972 gra·
1377 2955 1381 2964 ,

270 2976 280 2994 ”
305 2974 510 3038 occidendum
525 2976 616 3064 lupos
626 2999 742 3063 posue·
874 2974 971 3034 nariis
982 2971 1088 3050 furati
1097 2970 1230 3050 suerint.

306 3058 380 3118 rint.
791 3051 843 3134 64.
868 3058 913 3120 De
934 3054 1120 3116 animalibus
1148 3055 1182 3114 in
1211 3077 1313 3117 messe

223 3137 274 3218 47.
295 3137 617 3217 Decaudemnatiane
638 3141 739 3204 latro·
874 3139 996 3201 occisis.

306 3240 392 3292 num,
402 3243 538 3283 uxorum
556 3243 677 3307 quoquc
690 3246 741 3284 su·
790 3215 842 3288 65.
863 3223 912 3282 De
933 3217 1114 3280 mulieribus
1132 3219 1259 3297 viduis,
1288 3222 1310 3280 is

305 3319 395 3360 arum
415 3317 445 3363 et
450 3303 609 3384 filiorum.
723 3312 726 3320 ’
872 3301 981 3386 quibus
998 3302 1180 3362 maritorum
1201 3301 1309 3364 debita

222 3379 274 3456 48.
296 3382 344 3442 De
361 3381 490 3468 inflictis
505 3387 697 3449 vulneribus.
871 3385 1081 3466 requiruntur.
1192 3443 1195 3452 ,

126 3523 130 3530 .
220 3464 273 3547 49.
294 3465 343 3525 De
371 3468 556 3530 animalibus
590 3469 738 3531 damnum
789 3463 839 3535 66.
859 3469 909 3529 De
927 3466 1040 3547 puellis
1058 3485 1136 3546 quae
1156 3467 1222 3525 sine
1244 3487 1307 3548 pa·

294 3547 491 3630 facientibus
522 3552 555 3610 in
592 3552 737 3612 clausura
872 3548 971 3610 tribus
992 3548 1105 3610 marito
1128 3547 1306 3614 traduntur.

302 3630 416 3708 missis,
437 3652 491 3690 seu
512 3632 641 3694 caballis
659 3653 736 3718 per·
786 3630 836 3713 67.
856 3633 904 3692 De
927 3629 1031 3708 sylvis.

236 3721 238 3728 ’
299 3714 494 3791 uagantibus,
787 3715 837 3780 68.
859 3713 908 3772 De
927 3709 1101 3776 adulteriis,

221 3790 272 3856 50.
293 3795 343 3854 De
361 3797 472 3857 occisis
497 3797 653 3858 actoribus
672 3811 734 3860 tam
785 3797 836 3878 69.
856 3797 905 3856 De
931 3789 1114 3859 Wittemon.

301 3877 414 3958 Regiae
431 3877 551 3956 domus,
563 3900 654 3959 quam
664 3884 735 3966 pri·
788 3901 837 3960 7⁰·
857 3878 906 3938 De
918 3873 1030 3956 furtis.
1057 3938 1059 3944 ,

299 3973 455 4020 vatorum.
787 3983 836 4043 71.
855 3962 904 4021 De
923 3959 970 4018 bis
982 3957 1036 4040 qui
1039 3955 1166 4037 furtum
1178 3975 1303 4044 compo-

220 4041 270 4110 51.
290 4042 340 4104 De
360 4042 428 4118 lais,
446 4042 501 4122 qui
519 4040 638 4102 debitas
646 4043 734 4128 filiis
861 4055 972 4104 vatent..

301 4124 489 4208 substantiae
509 4147 581 4183 suae
608 4125 733 4207 portio·
787 4148 835 4210 72·
857 4126 905 4186 De
926 4125 975 4184 bis
990 4122 1044 4204 qui
1055 4120 1201 4204 pedicam
1212 4118 1302 4201 feris

301 4226 355 4268 nes
373 4226 435 4268 non
453 4205 654 4276 tradiderint.
858 4205 1000 4292 fecerint
1021 4215 1114 4268 entra
1130 4203 1281 4270 culturas.

1438 1617 1440 1738 t
