2876 4992
193 261 287 359 vitti
354 291 359 296 '
513 305 618 360 naurs
636 305 882 364 arananoaun
904 308 975 364 rrr.
994 310 1077 364 ann.

212 445 457 523 laboraverint,
490 443 551 508 sibi
576 447 703 508 studeat
729 446 939 528 evindicare,
969 453 1022 514 vel
1053 450 1212 538 quicquid
1235 457 1265 519 el
1293 460 1328 520 in

213 531 427 614 morgangeba
451 530 604 590 traditum
627 531 754 609 fuerat,
779 531 929 593 similiter
951 533 1057 596 iaciat.
1173 535 1176 542 ’

294 612 355 678 111.
398 613 494 690 Quod
515 612 540 672 si
563 634 604 672 ex
620 608 692 690 his,
722 635 805 694 quae
829 615 1009 700 conscripta
1031 617 1086 680 vel
1110 620 1230 684 tradita
1247 637 1329 689 sunt

211 695 309 757 mmul
331 693 592 777 consumpserint
613 696 644 768 i)
670 692 753 757 nibil
776 697 929 778 requirat.

211 815 302 886 Trr.
327 813 551 884 XXXVIII.
578 811 690 908 (40.)
747 814 806 884 De
836 838 880 884 eo
909 818 970 908 qui
998 817 1183 892 hominem
1210 823 1329 896 inno-

408 925 550 984 centem
576 913 620 981 ad
644 912 781 1004 Regem
806 911 852 1009 k)
877 918 1108 988 accusaverit.

291 1033 326 1094 Si
356 1034 429 1116 quis
458 1032 623 1093 hominem
649 1031 857 1094 innocentem
883 1033 924 1095 ad
950 1035 1072 1119 Regem
1103 1044 1321 1124 accusaverit,

209 1117 376 1213 segaginta
400 1116 511 1180 solidis
538 1115 709 1198 culpabilis
736 1114 907 1183 iudicetur.
1168 1175 1173 1182 .

212 1236 303 1305 Tlr.
313 1222 502 1305 XXXIX.
529 1230 624 1329 (41.)
671 1233 730 1304 De
750 1261 794 1305 eo
815 1236 877 1328 qui
896 1235 1072 1327 ingenuae
1081 1239 1228 1312 mulieri
1242 1225 1317 1316 ina·

461 1358 547 1402 nuru
568 1333 630 1408 vel
649 1336 835 1405 bruchium
855 1336 1054 1408 strinxerit.

216 1487 220 1492 ·
289 1453 325 1516 si
347 1455 419 1537 quis
441 1454 601 1538 ingenuae
626 1454 756 1516 mulieri
781 1477 912 1515 manum
931 1455 1100 1519 strInxerit
1121 1457 1155 1531 l)
1179 1460 1317 1542 quinde-

206 1537 271 1600 cim
291 1538 402 1600 solidis
427 1538 597 1619 culpabilis
612 1537 782 1599 iudicetur.
810 1540 905 1600 Certe
927 1537 953 1600 si
976 1561 1074 1624 snper
1089 1541 1233 1604 cubitum
1252 1566 1317 1605 ma-

205 1643 284 1682 num
310 1621 449 1700 miserit,
470 1621 605 1704 triginta
625 1619 735 1682 solidis
759 1622 925 1698 multetur.
966 1695 969 1698 Ι

207 1735 296 1810 ΤιΤ.
323 1737 407 1810 XL.
435 1743 545 1822 (42.)
591 1737 652 1808 De
671 1739 809 1856 caballo
836 1750 941 1808 extra
958 1742 1149 1838 consiIIum
1173 1743 1312 1814 domini

636 1863 692 1907 sur
709 1863 868 1914 ascensu
1230 1866 1232 1876 ·

285 1960 319 2022 si
336 1958 408 2041 quis
430 1957 590 2019 caballum
608 1969 697 2020 extra
721 1958 894 2020 consilium
915 1969 966 2033 m)
983 1959 1107 2022 domini
1128 1959 1180 2023 sui
1203 1976 1312 2025 ascen·

203 2043 306 2121 derit,
329 2043 461 2124 triginta
485 2041 595 2102 solidis
620 2041 792 2124 culpabilis
815 2042 986 2109 iudicetur,
1230 2055 1233 2060 ’

211 2141 216 2234 ,’
252 2161 343 2231 ΤιΤ.
375 2161 478 2228 XLI.
503 2157 606 2254 (43.)
657 2160 715 2230 De
742 2160 970 2251 ligaminibus
1003 2162 1259 2252 ingenuorum.

212 2308 216 2317 ·
284 2278 311 2344 I.
333 2278 367 2339 Si
389 2279 461 2360 quis
479 2280 639 2361 ingenuus
660 2279 837 2361 ingenuum
861 2279 1009 2361 ligaverit
1029 2291 1062 2342 et
1089 2281 1158 2342 eius
1178 2282 1306 2364 culpam

199 2384 274 2423 cum
301 2379 357 2422 sex
384 2362 516 2423 testibus
543 2363 574 2420 in
600 2362 722 2422 baraho
744 2371 786 2436 n)
815 2383 880 2422 non
906 2362 1146 2446 adprobaverit,
1172 2365 1304 2448 triginta

197 2444 310 2510 solidiS
330 2445 498 2524 culpabilis
524 2444 695 2510 iudicetur.

280 2527 322 2592 ΙΙ,
363 2527 396 2587 Si
428 2526 500 2609 quis
532 2549 549 2586 a
578 2525 792 2587 contubernio
821 2527 1032 2610 probabiliter
1062 2527 1178 2610 ligatus
1207 2551 1304 2612 super

195 2631 248 2673 res
273 2609 394 2670 alienas
418 2609 536 2687 fuerit,
565 2632 638 2669 eum
666 2610 705 2670 ad
730 2609 969 2670 excusationem
993 2632 1058 2670 non
1079 2613 1302 2692 permittimus.

278 2691 342 2757 III.
385 2693 449 2753 Sed
475 2691 501 2752 si
524 2714 608 2753 unus
631 2693 727 2752 homo
751 2713 823 2752 cum
846 2692 1035 2754 satellitibus
1055 2693 1120 2754 suis
1139 2694 1305 2756 hominem

193 2775 361 2858 ligaierit,
385 2784 440 2836 aut
470 2773 574 2856 ipsum
602 2796 755 2836 excusare
787 2775 1018 2858 permittimus;
1050 2785 1107 2838 aut
1136 2779 1304 2859 proximus

196 2862 284 2938 eius,
307 2859 394 2941 quod
414 2857 572 2918 innocens
594 2856 711 2940 ligatus
733 2856 791 2935 sit,
814 2879 888 2917 cum
910 2879 966 2917 sex
995 2857 1088 2924 iuret.

344 2977 436 3049 TIT.
462 2975 585 3049 XLII.
635 2972 748 3071 (44.)
797 2974 856 3045 De
891 2978 1155 3054 venationibus.

206 3119 208 3124 '
275 3109 302 3173 Ι,
345 3107 378 3168 Si
399 3106 471 3188 quis
499 3103 538 3164 (Ie
571 3103 707 3166 diversis
733 3106 959 3167 venationibus
985 3107 1141 3167 furaverit
1175 3105 1299 3188 aliquid

193 3199 226 3253 et
249 3188 404 3250 celaverit
434 3196 489 3262 o),
519 3209 577 3247 seu
599 3188 684 3248 etde
709 3187 951 3270 piscationibus,
979 3189 1167 3271 quindecim
1189 3191 1300 3250 solidis

193 3271 367 3354 culpabilis
392 3270 562 3334 iudicetur.
605 3271 690 3349 Quia
715 3293 781 3331 non
801 3282 848 3332 cst
868 3271 948 3332 haec
967 3293 1019 3333 res
1047 3293 1213 3355 possessa,
1241 3273 1299 3333 sed

192 3357 234 3418 de
257 3352 486 3416 venationibus
504 3353 618 3435 agitur.

273 3436 317 3501 II.
358 3435 392 3496 si
418 3435 491 3516 quis
508 3457 638 3497 cervum
657 3436 813 3497 domitum
824 3437 875 3496 vel
890 3455 962 3498 cum
971 3434 1076 3497 trintis
1083 3441 1120 3518 p)
1129 3434 1299 3513 occiderit,

191 3529 247 3581 aut
267 3520 391 3580 furatus
414 3517 534 3596 fuerit,
559 3541 625 3579 non
647 3520 730 3582 sicut
749 3518 789 3580 de
808 3519 943 3604 reliquis
963 3518 1152 3578 animalibus
1172 3521 1297 3577 furtum

189 3602 348 3684 exigatur,
370 3601 426 3664 sed
450 3611 574 3662 tantum
598 3601 973 3686 quadragintaquinque
992 3600 1297 3684 solidis‘culpabilis

187 3685 361 3748 iudicetur.

185 3821 671 3857 ..,...................-..--Ι-....

257 3919 284 3990 ἰ)
301 3918 354 3972 Til.
375 3927 404 3971 et
422 3917 500 3969 Lind.
527 3917 742 3984 consumpserint
767 3915 903 3989 aliquid:
922 3915 960 3985 t)
977 3915 1062 3970 Iidem
1079 3913 1173 3987 :apud
1186 3917 1292 3986 Regem,

184 3991 221 4061 l)
239 3989 367 4045 Corbion.
386 3989 560 4041 astrinxerit.
613 3989 654 4051 m)
665 3983 774 4038 llerold.
793 4004 959 4042 consensum.
1014 3991 1057 4056 n)
1071 3987 1291 4056 Heroldmralro.

185 4065 224 4127 o)
242 4062 310 4114 Met.
327 4059 360 4112 de
373 4057 427 4112 div.
442 4077 499 4110 ven.
515 4055 628 4128 aliquid
633 4057 747 4127 furatus
761 4056 848 4120 suerit
867 4071 892 4110 et
911 4061 959 4110 cel.
996 4059 1116 4126 Sangall.
1139 4056 1248 4110 llerold.
1266 4065 1294 4108 et

184 4130 281 4186 Tilins.
298 4128 331 4182 de
347 4127 400 4181 div.
425 4146 482 4180 ven.
497 4128 614 4196 furatus
625 4129 720 4198 fiterit
743 4139 770 4178 et
793 4127 842 4180 rel.
869 4128 996 4180 Corbion.
1015 4129 1048 4181 de
1068 4129 1122 4182 dlv.
1139 4145 1197 4178 ven.
1210 4127 1294 4194 furor

184 4203 260 4253 verit
277 4213 304 4250 et
323 4199 373 4250 cel.
422 4199 462 4268 p)
482 4197 603 4252 Sichard.
621 4217 681 4253 cum
697 4198 811 4250 truncis.
830 4196 883 4249 Til.
901 4201 1008 4254 trouu's.
1028 4199 1110 4253 Goth.
1130 4199 1172 4252 vel
1187 4195 1292 4250 tristes

181 4269 412 4326 adornationem.
