2876 4992
457 289 607 345 ncclnm
627 289 673 343 nn
692 286 880 344 scnnnmn
1176 273 1247 352 nn

137 433 242 511 hent,
268 439 349 493 tnnc
376 430 436 513 ipsi
464 432 523 510 qni
547 428 678 491 viduam
708 427 772 488 hon
790 433 838 488 est
861 425 1027 490 annheoda
1052 438 1084 492 el
1103 433 1248 498 tnnzlm

135 515 237 598 ipsam
267 513 413 596 accipere
438 512 528 572 debit
555 521 588 571 et
617 513 676 572 ΙΙΙ.
709 512 978 571 furtunamsuam
989 513 1248 592 quemheredem

136 599 194 661 sol.
210 609 331 677 aequos
348 604 515 677 pensantes
531 592 587 675 qui
605 614 677 675 pro·
710 591 884 673 appellavit
904 592 1032 673 publice
1059 616 1163 656 conam
1191 599 1247 659 hos

135 681 228 754 ferat,
252 687 284 737 et
306 679 363 738 ΙΙΙ.
386 686 491 753 erunt,
513 675 570 756 qui
593 675 676 757 ipsos
710 672 957 734 nishominibns
976 675 1117 738 fistucam
1137 679 1247 757 inlnlq

135 761 256 822 solidos
265 779 397 841 pensare
406 759 535 831 dehent,
545 766 598 816 aut
606 778 678 840 pro·
708 775 778 816 sum
797 756 896 836 ipsius
912 757 1056 818 iactasset
1070 769 1101 818 et
1118 759 1178 820 hoc
1190 781 1246 823 nn»

136 844 211 903 bare
231 852 263 902 et
290 842 352 901 hoe
370 842 489 901 factum
502 839 527 899 si
543 839 587 898 eis
600 860 675 898 con·
708 857 780 898 vem
799 847 894 900 testes
920 839 977 900 ista
1002 840 1108 902 omnia
1127 843 1248 907 debent

134 924 280 1000 missit,
293 923 373 1004 ipsi,
386 924 442 1007 qui
455 922 582 982 viduam
595 942 676 1004 que·
708 918 885 986 adfirmare.

134 1015 195 1080 ret,
213 1006 358 1088 accipiat.

176 1089 210 1148 si
231 1089 304 1168 quis
327 1087 491 1146 hominem
518 1086 551 1148 in
578 1095 675 1168 puteo
787 1113 792 1122 ·

136 1170 302 1232 iactaverit
324 1179 356 1229 et
390 1170 481 1230 vivus
508 1170 596 1231 exiet
619 1189 676 1228 sua

136 1274 242 1329 causa,
267 1272 356 1316 nm.
377 1251 434 1315 sol.
463 1252 560 1314 LXII.
589 1251 673 1332 culp.

136 1336 308 1398 iudicetur.

176 1416 282 1478 Simili
305 1413 412 1491 modo,
434 1414 490 1496 qui
509 1415 607 1474 aliurn
638 1414 672 1474 in

134 1499 250 1580 pelago
280 1497 475 1579 inpinxerit‚
504 1519 593 1561 nm.
615 1498 673 1559 sol.

135 1580 234 1660 LXII.
256 1579 341 1661 culp.
369 1578 436 1640 iud.

135 1733 277 1804 XLIX.
321 1734 380 1802 De
406 1731 544 1824 falsum
564 1731 673 1802 lesti—
706 1725 886 1796 LXXXI.
937 1729 995 1800 De
1023 1730 1115 1803 falso
1143 1731 1241 1832 '1:08-

217 1883 219 1890 ,
317 1831 489 1902 monium·
892 1828 1054 1900 limonio.

175 1995 208 2056 Si
227 1994 300 2078 quis
323 1995 439 2056 falsum
456 1993 673 2057 testimonium
746 1987 780 2049 Si
799 1989 870 2073 qnis
890 1991 1006 2054 falsum
1023 1995 1244 2060 testimonium

134 2078 281 2159 preberit
299 2080 351 2139 vel
378 2078 533 2141 iuraverit
560 2097 672 2142 «nnn.
704 2071 945 2153 prebueritnc,
961 2074 1034 2138 den.
1048 2077 1104 2159 qui
1117 2079 1243 2140 faciunt

135 2160 317 2238 calistanio)
344 2170 420 2220 sunt
444 2161 509 2226 din.
527 2161 593 2224 DC.
612 2161 672 2220 lae.
707 2153 798 2213 solid.
831 2153 904 2220 XV.
944 2157 1114 2242 culpabilis
1154 2161 1243 2222 iudi-

135 2241 191 2302 sol.
211 2243 279 2306 XV.
301 2242 385 2324 culp.
404 2242 470 2304 iud.
707 2245 807 2300 cetur.
967 2249 970 2268 ¹

175 2323 208 2382 Si
228 2323 452 2404 cuiuscunque
468 2323 592 2406 aliquid
605 2323 674 2382 fue·
746 2317 780 2378 Si
796 2317 913 2400 aliquis
935 2320 1032 2382 alicui
1051 2322 1120 2382 iure
1140 2320 1243 2406 impu·

135 2405 178 2465 rit
196 2405 230 2464 in
248 2408 429 2489 culpatum
453 2407 541 2488 qnod
563 2405 674 2488 perin-
704 2399 822 2460 tnverit
836 2402 915 2482 quid
926 2404 1118 2485 periurasset
1131 2412 1241 2464 elnon

135 2489 273 2549 rassit‘et
292 2488 441 2570 probatus
460 2489 570 2558 suerit,
592 2488 675 2547 iura·
704 2482 846 2563 potuerit
867 2483 1040 2565 adprobare
1065 2485 1120 2567 qui
1141 2486 1240 2571 inpu-

136 2570 212 2632 toris
234 2570 353 2652 quinus
377 2571 435 2630 sol.
455 2570 672 2630 condemnen·
704 2573 806 2623 tatum
825 2562 894 2628 DC.
919 2566 1027 2627 denar.
1044 2567 1099 2647 qui
1114 2567 1240 2627 faciunt

136 2659 204 2722 tum
227 2653 288 2734 ipsi
304 2673 382 2712 vero
399 2653 490 2712 cuins
516 2650 671 2733 adproha-
704 2645 797 2706 solid.
830 2646 905 2712 XV.
947 2649 1115 2732 culpabilis
1150 2648 1240 2708 iudi·

135 2740 203 2792 tum
223 2733 326 2794 fuerit
354 2743 522 2815 exceptum
550 2755 616 2815 cup.
640 2742 672 2793 et
704 2737 804 2788 cetur.

137 2835 228 2876 causa
243 2825 331 2875 extra
347 2815 409 2876 hoc
426 2816 484 2878 sol.
500 2815 572 2879 XV.
587 2815 672 2899 culp,

138 2895 306 2960 iudicetur.
703 2909 705 2914 '

253 3147 297 3221 L.
317 3145 380 3217 De
407 3147 565 3226 testibus,
726 3093 927 3219 LXXXlI.
979 3149 1036 3220 De
1045 3149 1214 3229 Filtorto.

175 3311 209 3371 Si
223 3310 295 3392 quis
307 3319 403 3372 testes
424 3333 553 3374 necesse
573 3311 671 3374 abne·
746 3313 780 3375 Si
797 3315 869 3394 quis
886 3315 955 3397 lege
966 3314 1069 3376 Salina
1084 3316 1167 3377 vivit
1177 3335 1241 3378 ser·

135 3394 188 3470 rit,
208 3404 240 3453 et
260 3397 389 3454 fortasse
408 3394 494 3454 lestis
515 3394 671 3478 adplnci-
702 3418 778 3457 vum
812 3406 867 3456 aut
895 3399 1046 3458 ancillam
1080 3399 1239 3463 caballum

133 3485 203 3535 tum
218 3476 468 3552 noluntvenlre,
482 3477 538 3537 ille
550 3478 605 3559 qui
618 3499 671 3538 eos
703 3480 755 3539 vel
773 3479 886 3538 bovem
904 3480 955 3540 vel
973 3481 1150 3560 quemlibet
1171 3503 1241 3542 rem

134 3559 268 3641 placuit,
283 3560 497 3621 necessarium
516 3559 581 3618 nhil
598 3560 672 3620 satis
703 3582 800 3642 super
820 3562 955 3622 alterum
983 3563 1149 3641 agnoverit
1170 3563 1242 3622 mit·

138 3641 251 3714 facire,
267 3641 389 3702 manire
410 3640 483 3702 illos
505 3641 612 3718 debit,
636 3649 673 3700 nt
703 3651 749 3701 int
765 3665 837 3702 eum
857 3644 889 3702 in
909 3640 1003 3702 tertia
1026 3662 1121 3702 mann
1134 3645 1239 3704 e'till'e

135 3743 184 3800 ea,
204 3743 287 3803 quae
312 3724 480 3794 noverint,
504 3723 599 3784 iurati
621 3725 672 3784 di·
705 3746 801 3806 super
838 3745 934 3867 {uem
974 3725 1238 3806 agnoscitnrvin

134 3805 672 3874 cant3sivenirenoluerinteteos
705 3816 813 3868 noctes
861 3807 907 3872 ἰ,
937 3808 1088 3888 placitum
1119 3807 1240 3869 saniant

133 3885 249 3947 sunnis
272 3909 336 3946 non
360 3888 501 3948 tenuerit
523 3889 588 3953 DC.
606 3888 671 3953 din.
705 3890 782 3949 etin
804 3889 871 3970 ipso
892 3891 1008 3972 placito
1033 3887 1148 3968 quanli*
1164 3890 1238 3948 lloess

132 3968 197 4028 sac.
216 3971 273 4030 sol.
286 3971 355 4036 XV.
373 3971 458 4051 culp.
482 3970 548 4030 ind.
702 3971 769 4030 rint
790 3972 846 4053 qui
867 3995 935 4033 rem
949 3972 1100 4032 viderunt
1120 3970 1170 4030 vel
1190 3973 1239 4029 dn

177 4050 331 4131 Quisquis
371 4054 501 4114 illorum
535 4054 562 4114 si
593 4075 670 4116 vero
702 4053 885 4114 miaverunt
909 4064 963 4114 ant
996 4053 1117 4112 furasse
1139 4051 1241 4112 nomi»

132 4133 311 4214 praesentis
324 4135 593 4196 fuerinlinratiin
606 4147 671 4197 tes·
703 4155 760 4196 nes
782 4145 1051 4200 commoveantur.
1075 4146 1078 4159 '
1100 4123 1241 4195 Hocnnst

132 4214 306 4278 timonium
326 4219 430 4280 vocati
449 4225 481 4279 et
505 4216 670 4282 noluerint
702 4225 738 4280 ut
757 4237 841 4282 unus
861 4219 998 4306 quisque
1011 4217 1056 4281 de*
1068 4207 1239 4300 nngnlinn‘ss
