2876 4992
203 283 277 364 lon
437 295 542 354 mers
561 295 811 353 nummorum
830 295 905 361 rm.
926 292 1073 354 uxxvur.

201 441 317 516 aenei
334 436 768 506 ullam'eommendationem
784 434 837 498 vel
850 435 1057 500 traditionem
1076 434 1183 515 faciat,
1205 457 1266 502 nec
1292 463 1312 502 a

199 550 297 593 servo
325 525 496 609 qaisquam
526 520 778 581 commendatam
807 519 858 579 vel
888 519 1037 580 traditam
1066 541 1135 581 rem
1163 522 1312 604 recipiat.

201 610 236 675 si
257 611 329 694 quis
354 615 462 669 antem
488 611 559 686 post
589 605 670 662 hane
705 601 934 662 diffinitionem
963 625 1055 664 servo
1078 604 1202 685 aliquid
1225 625 1312 666 com-

201 695 354 756 mendare
369 685 627 773 praesumpserit,
638 684 720 745 nibil
736 684 880 765 recipiat,
899 695 931 746 et
940 685 1088 746 dominus
1105 687 1223 746 eiusde
1245 689 1310 750 hoe

200 772 360 838 innocens
383 771 546 833 habeatur.
589 768 746 829 Similiter
769 767 809 828 de
829 789 942 850 puero,
964 769 1018 830 rel
1040 769 1079 830 de
1100 769 1238 831 muliere
1262 773 1310 833 al·

197 860 303 932 ,terius
329 853 564 919 constituimus.

222 976 313 1047 TIT·
339 969 501 1045 LXXV.
551 963 662 1063 (77.)
711 967 770 1037 De
797 989 838 1036 re
864 967 1031 1059 proprisa
1057 971 1117 1041 vel
1146 981 1281 1042 secuta.

118 1171 121 1175 ,
283 1101 317 1165 Si
338 1102 411 1182 quis
430 1097 600 1174 caballum,
623 1094 799 1173 hominem,
820 1095 874 1156 vel
903 1096 1079 1176 quamlibet
1105 1119 1173 1160 rem
1197 1100 1230 1159 in
1253 1100 1307 1162 via

197 1185 399 1275 propriserit,
421 1190 477 1242 aut
500 1203 574 1242 eum
595 1189 724 1240 secutus
746 1177 865 1253 fuerit,
887 1199 945 1258 per
972 1188 1036 1240 tres
1059 1203 1179 1243 marcas
1199 1181 1307 1264 ipsum

199 1269 357 1344 ostendat,
380 1266 475 1327 etsie
501 1273 610 1345 postea
628 1254 781 1344 ad'Regis
803 1262 963 1340 stapplum
978 1262 1081 1323 ducat.
1124 1264 1181 1325 Sin
1198 1275 1306 1326 autem

199 1354 294 1416 aliter
314 1348 427 1432 egerit,
454 1349 509 1406 fur
532 1344 724 1406 iudicandus
746 1351 802 1408 est,
846 1344 942 1422 Quod
962 1345 989 1406 si
1011 1346 1084 1428 quis
1105 1347 1226 1408 latroni
1249 1348 1307 1410 ali.

197 1435 279 1521 quid
300 1434 420 1508 tulerit,
439 1428 591 1491 similiter
612 1427 718 1491 faciat.

97 1669 101 1680 ι
200 1575 315 1650 TIT.
334 1567 519 1642 LXXVI.
570 1561 680 1660 (78.)
730 1564 787 1633 De
813 1567 1064 1638 materiamine
1089 1569 1148 1643 vel
1173 1570 1279 1664 lignis

674 1664 812 1734 furatis.

276 1798 311 1862 Si
332 1795 404 1879 quis
421 1792 593 1878 Ripnarins
615 1792 648 1852 in
674 1792 755 1854 silva
777 1793 940 1853 communi
960 1814 1017 1854 seu
1043 1793 1138 1878 Regis
1165 1796 1218 1858 vel
1246 1798 1303 1859 ali-

195 1882 288 1948 cuius
314 1883 417 1940 locata
447 1878 653 1936 materiamen
677 1876 727 1936 vel
754 1876 841 1957 ligna
866 1876 936 1936 fissa
960 1877 1137 1954 abstulerit,
1162 1880 1303 1960 quinde-

195 1969 259 2028 cim
280 1965 392 2025 solidis
414 1961 585 2042 culpabilis
608 1959 779 2023 iudicetur.
823 1959 876 2019 Sic
891 1961 930 2019 de
950 1960 1174 2034 venationibus
1193 1965 1245 2023 vel
1261 1965 1302 2025 de

189 2046 446 2132 ‘piscationibus5
475 2045 550 2125 quia
580 2063 645 2100 non
673 2061 723 2102 res
751 2062 892 2122 possessa
915 2050 974 2117 est,
1001 2042 1059 2103 sed
1084 2044 1124 2106 de
1147 2045 1236 2127 ligno
1256 2045 1301 2132 g)

193 2131 309 2214 agitur.
350 2130 418 2190 Aut
440 2125 466 2188 si
494 2123 677 2207 negaverit,
700 2145 774 2184 cum
797 2145 853 2184 sex
874 2125 959 2184 iuret
986 2125 1034 2197 la).

158 2377 163 2382 Ι
243 2281 333 2351 ΤΙΤ.
360 2275 558 2348 LXXVII.
609 2278 716 2359 (79.)
766 2276 824 2345 De
849 2277 998 2346 homine
1023 2276 1248 2350 furbaltudo.

273 2408 307 2470 Si
332 2407 404 2490 quis
425 2405 589 2466 hominem
608 2425 705 2486 super
725 2405 820 2465 rebus
841 2404 907 2465 suis
931 2405 1233 2487 comprehenderit,
1263 2417 1297 2470 et

191 2515 266 2556 cum
294 2490 394 2574 ligare
419 2489 578 2565 voluerit,
601 2499 656 2548 aut
680 2508 777 2568 snper
800 2509 957 2563 uxorem,
981 2511 1037 2549 seu
1064 2512 1161 2570 super
1184 2491 1295 2566 liliam,

188 2575 243 2646 vel
263 2574 311 2636 his
333 2572 501 2648 similibus,
522 2581 554 2632 et
577 2591 640 2631 non
659 2570 875 2652 praevaluerit
893 2570 1005 2652 ligare,
1028 2573 1205 2655 sedcolpus
1218 2574 1295 2644 iJei

189 2657 376 2731 excesserit,
399 2665 431 2716 et
453 2677 527 2715 eum
544 2651 755 2729 interfecerit,
776 2673 882 2713 coram
906 2653 1038 2715 testibus
1060 2655 1091 2713 in
1116 2657 1294 2736 quadruvio

188 2742 223 2804 in
246 2739 330 2803 elida
352 2739 397 2808 lt)
418 2759 492 2799 eum
513 2736 618 2796 levare
638 2734 749 2811 debet,
772 2745 804 2796 et
828 2737 874 2795 sie
900 2736 1110 2817 quadraginta
1132 2759 1189 2798 sen
1213 2760 1294 2819 qua-

188 2821 367 2886 tuordecim
397 2829 507 2881 noctes
528 2817 703 2893 custodire,
726 2825 758 2876 et
782 2827 859 2876 tunc
885 2828 958 2878 ante
985 2819 1125 2880 iudicem
1144 2821 1176 2879 in
1205 2820 1296 2880 hara.

186 2908 231 2968 ho
257 2905 422 2979 coniuret,
445 2902 534 2984 quod
559 2919 634 2959 eum
654 2899 692 2958 de
723 2897 788 2959 vita
811 2899 983 2960 forfactum
1010 2901 1048 2974 l)
1071 2903 1307 2969 interfecisset*

187 2990 245 3054 Sin
267 3000 374 3049 autem
396 2985 456 3044 ista
481 3005 545 3043 non
572 2980 806 3064 adimpleverit,
830 2981 995 3044 homicidii
1018 2983 1187 3065 culpabilis
1206 2984 1294 3046 iudi-

188 3081 289 3136 eetnr.
330 3068 398 3129 Aut
418 3066 445 3130 si
473 3064 651 3148 negaverit,
675 3084 749 3123 cum
768 3063 911 3146 legitimo
930 3085 1065 3128 numero
1087 3067 1183 3147 iuret,
1204 3067 1293 3150 quod

188 3155 253 3216 hoe
272 3172 339 3213 nou
364 3149 516 3213 fecisset„
1160 3171 1163 3176 -

191 3272 282 3354 Ttr.
306 3262 523 3340 LXXVIII.
575 3261 682 3346 (80.)
733 3263 791 3332 De
816 3287 860 3334 eo
886 3269 948 3364 qui
970 3265 1089 3338 furem
1114 3267 1153 3338 in
1182 3270 1292 3340 domo

544 3375 547 3383 ⁴
644 3365 837 3456 receperit.

195 3531 197 3538 ‹
272 3494 310 3559 si
330 3492 402 3576 quis
424 3493 530 3553 furem
555 3488 588 3551 in
613 3489 707 3551 domo
728 3489 898 3573 receperit,
920 3492 972 3554 vel
989 3493 1019 3554 ei
1040 3495 1215 3578 hospitium
1233 3517 1291 3558 seu
1333 3491 1335 3496 ¹

187 3581 308 3644 victum
330 3575 534 3659 praestiterit,
557 3573 634 3633 dum
656 3595 706 3634 res
734 3573 854 3636 alienas
874 3575 997 3636 furatus
1020 3577 1120 3638 fuerit
1137 3586 1194 3658 m),
1222 3579 1290 3660 ipse

188 3663 304 3741 similis
322 3659 388 3725 furi
409 3667 447 3731 η)
472 3655 642 3738 culpabilis
662 3655 835 3731 iudicetur,
858 3666 914 3716 aut
928 3679 1002 3721 cum
1016 3679 1072 3720 sex
1090 3661 1186 3740 iuret,
1201 3661 1290 3745 quod

188 3767 264 3810 eum
285 3765 346 3806 nec
370 3743 505 3804 celasset
521 3759 582 3798 nec
606 3738 639 3797 in
663 3739 757 3800 domo
783 3739 930 3822 pavisset.
1025 3795 1036 3804 .

186 3888 621 3913 ———--—-—'

255 3983 284 4054 g)
302 3981 371 4035 Cod.
389 3995 443 4045 reg.
464 3983 492 4028 et
510 3974 638 4031 Corbion.
658 3973 747 4043 tigna.
801 3973 831 4044 Ia)
848 3977 915 4032 Met.
936 3983 963 4030 et
981 3979 1089 4034 Herold.
1117 4000 1179 4036 eum
1200 3983 1288 4036 tribus

187 4049 268 4115 iuret.
313 4050 441 4104 Corbion.
470 4065 529 4098 cum
548 4060 602 4098 tres
627 4047 703 4096 inrit.
756 4042 778 4114 i)
796 4045 862 4096 Cod.
888 4062 942 4111 reg.
962 4057 989 4100 et
1014 4052 1141 4106 Corbion.
1169 4054 1288 4107 colebas.
1318 4059 1321 4066 “

187 4125 266 4182 lind.
284 4123 441 4192 proculpus.
474 4115 528 4171 Til.
545 4116 723 4185 precatibus.
759 4114 869 4169 Herold.
883 4119 1022 4186 colaphus.
1076 4123 1104 4193 l)
1122 4123 1188 4174 Met.
1208 4125 1287 4179 clim.

185 4193 314 4249 Corbion.
334 4192 482 4242 inclinata.
537 4185 559 4254 l)
577 4185 631 4238 Til.
648 4185 830 4256 forfaictum.
857 4188 908 4254 ·m)
934 4189 1003 4245 Cod.
1027 4209 1080 4261 reg.
1105 4201 1133 4246 et
1157 4191 1286 4247 Corbion.

177 4269 294 4340 sllicitat
303 4261 406 4335 suerit,
458 4256 490 4327 n)
507 4260 569 4322 Reg.
578 4255 693 4330 faroni.
711 4253 837 4310 Corbion.
846 4256 991 4327 saronem.
1276 4257 1286 4264 '⁴
1297 4279 1308 4302 v
