2906 5008
239 263 314 348 alt
520 278 918 338 auersammaaoaon
941 279 1012 334 rm.
1034 280 1066 334 a.
1101 289 1105 298 ·

241 429 333 510 Ter,
356 421 496 500 XLVI·
522 433 634 515 (47.)
659 423 855 492 Delibero
877 423 940 515 qni
963 422 1119 492 liberum
1147 431 1260 491 extra
1281 433 1356 491 ter·

608 524 725 592 minos
758 522 972 595 vendiderit.

322 655 348 719 1.
391 651 514 735 Siquis
533 651 618 714 lilsar
642 651 779 710 liberum
800 659 888 710 extra
908 650 1061 709 terminos
1084 649 1299 726 vendiderit,
1313 672 1359 712 re·

239 745 334 802 vocet
358 757 433 796 eum
461 736 545 794 infra
573 733 773 816 provinciam
803 741 835 792 et
861 733 1008 793 restituat
1033 755 1107 793 eum
1133 733 1310 810 libertati,
1330 743 1358 794 et

239 818 404 902 sexaginta
425 817 543 880 solidos
562 825 607 899 p)
628 825 809 898 componat.
1000 879 1002 887 ,

324 901 368 964 ll.
411 900 573 960 stantem
591 919 740 960 revocare
773 917 847 958 eum
876 916 941 956 non
968 897 1127 978 potuerit,
1151 920 1235 960 enm
1258 917 1354 958 were·

240 984 330 1068 gildo
353 1004 426 1044 eum
450 981 636 1067 parentibus
654 981 774 1057 solvat,
797 980 916 1054 idest,
938 978 986 1039 bis
1008 981 1199 1062 octuaginta
1218 981 1355 1056 solidos,

238 1067 265 1130 si
291 1066 463 1126 haeredem
475 1065 610 1147 reliquit
626 1073 675 1145 q),
696 1064 723 1124 si
739 1071 846 1123 autem
863 1061 1017 1122 heredem
1029 1084 1093 1125 uon
1111 1063 1270 1146 reliquit,
1288 1084 1356 1122 cum

240 1149 387 1211 ducentia
405 1147 516 1209 solidis
535 1157 714 1229 componat.

239 1265 497 1343 T1T‚XLVll·
524 1268 616 1350 (48.)
666 1264 725 1333 De
743 1287 786 1333 eo
801 1264 864 1355 qui
880 1261 1055 1333 feminam
1069 1263 1270 1356 ingenuam
1290 1288 1354 1334 ex-

539 1376 598 1432 tra
622 1363 806 1432 marcham
833 1365 1049 1437 vendiderit.

320 1495 345 1560 l.
388 1491 423 1554 Si
441 1491 513 1574 quis
531 1490 684 1552 feminam
705 1491 838 1551 liberam
857 1499 946 1552 extra
968 1490 1129 1552 marcham
1153 1447 1353 1568 vendiderit,

237 1584 369 1640 revocet
393 1597 461 1636 eam
482 1575 522 1635 ad
541 1575 709 1658 pristinam
729 1574 927 1651 libertatem,
950 1573 1076 1635 etcum
1096 1576 1290 1658 octuaginta
1308 1595 1353 1634 so·

237 1659 314 1722 lidis
338 1666 516 1736 componat.

321 1744 361 1806 ΙΙ,
402 1742 436 1802 Si
458 1751 565 1800 autem
586 1761 740 1802 revocare
763 1757 828 1798 non
854 1744 976 1822 potest,
1004 1759 1078 1802 carn
1102 1738 1353 1823 quadringentis

237 1824 350 1890 aelidis
376 1832 555 1905 componat.
764 1837 768 1844 ’

240 1943 329 2021 TIT.
358 1940 535 2013 XLVIII.
566 1941 676 2023 (49.)
726 1939 783 2007 De
809 1963 852 2008 eo
879 1941 941 2032 qui
974 1949 1019 2023 r]
1049 1941 1210 2010 liberum
1236 1940 1350 2010 homi-

287 2065 369 2113 nem
390 2041 449 2114 vel
469 2039 641 2110 seminam
668 2038 820 2106 liberam
847 2039 943 2108 iosra
965 2042 1190 2132 provinciam
1213 2065 1306 2113 ven.

725 2139 870 2206 diderit.

321 2267 349 2332 I.
391 2268 517 2353 Siquis
545 2268 629 2328 liber
655 2265 792 2327 liberum
820 2267 903 2326 infra
930 2267 1133 2348 provinciam
1152 2266 1348 2342 vendiderit,

239 2361 370 2415 revocet
386 2375 459 2414 eum
478 2353 512 2411 in
535 2351 703 2437 pristinam
729 2347 930 2427 libertatem,
962 2361 994 2411 et
1018 2374 1091 2411 cum
1108 2353 1283 2414 duodecim
1303 2371 1347 2410 so·

239 2435 315 2498 lidis
338 2444 518 2516 componat.

324 2517 367 2579 ll.
410 2518 445 2580 si
468 2526 576 2578 autem
602 2518 754 2578 feminam
778 2518 910 2578 liberam
939 2515 1023 2577 infra
1049 2517 1252 2599 provinciam
1276 2535 1347 2574 ven·

241 2601 373 2672 diderit3
402 2610 533 2661 revocet
562 2621 631 2660 eam
662 2601 701 2661 ad
733 2602 898 2682 pristinam
928 2601 1126 2678 libertatern,
1150 2610 1182 2661 ct
1206 2621 1282 2660 eum
1306 2595 1346 2657 vi-

240 2685 322 2767 ginti
345 2693 484 2766 quatuor
504 2682 614 2744 solidis
636 2693 814 2766 componat.

240 2801 329 2874 '1¹1'r.
357 2801 499 2872 XLIX.
526 2799 637 2896 (50.)
687 2802 745 2870 De
770 2827 814 2871 eo
845 2803 906 2894 qui
924 2787 1120 2872 'hominem
1146 2802 1343 2886 occiderit,

468 2914 505 2970 et
530 2924 613 2970 eum
638 2903 868 2971 mortaudum
895 2898 939 2995 a)
965 2901 1103 2970 feeerit.

322 3025 349 3090 l.
390 3029 425 3090 si
451 3027 524 3111 quis
544 3027 709 3088 hominem
738 3028 913 3107 occiderit,
946 3030 1033 3111 quod
1064 3029 1236 3092 Alamanni
1264 3047 1342 3090 mor-

238 3110 336 3172 taudo
355 3115 383 3188 t)
411 3110 541 3187 dicunt,
564 3131 680 3171 novem
705 3113 895 3196 weregildus
918 3115 1040 3190 solvat,
1064 3123 1096 3174 et
1118 3115 1277 3196 quicquid
1298 3131 1343 3171 su·
1406 3107 1407 3151 l

238 3213 298 3276 per
313 3214 388 3252 eum
405 3194 503 3253 rauba
518 3191 568 3252 vel
591 3213 675 3252 arma
694 3195 784 3271 tulit,
807 3197 912 3256 omnia
931 3196 1016 3256 sieut
1031 3195 1152 3256 furtiva
1167 3199 1342 3280 componat·

322 3277 367 3335 11.
409 3277 458 3336 De
477 3274 606 3335 feminis
623 3284 729 3336 autem
750 3277 775 3338 si
794 3278 837 3336 ita
860 3279 1049 3360 contigerit,
1072 3279 1247 3359 dupliciter
1263 3297 1342 3339 com·

239 3363 358 3437 ponat,
389 3355 511 3434 idest,
545 3358 723 3419 octodecim
751 3360 951 3440 weregildus.
1005 3361 1206 3423 Vestimenta
1239 3371 1341 3422 autern

239 3457 323 3518 quae
347 3459 530 3520 supeream
550 3440 647 3516 tulit,
678 3440 767 3502 velut
789 3443 909 3504 furtiva
930 3453 1108 3527 componat.

242 3555 330 3624 ΤΙΤ.
358 3554 401 3624 L.
429 3552 543 3652 (51.)
593 3558 653 3626 De
688 3561 827 3726 eodqui
859 3560 1016 3630 liberum
1051 3561 1097 3630 de
1129 3571 1229 3632 terra
1259 3557 1339 3631 effo-

163 3670 166 3676 '
653 3697 657 3708 ·
760 3660 854 3727 ierit.

321 3785 345 3844 Ι.
387 3783 422 3846 si
451 3782 524 3867 quis
550 3782 689 3845 liberum
718 3783 757 3846 de
789 3794 874 3846 terra
904 3785 1084 3864 effodierit,
1115 3784 1272 3869 quicquid
1299 3778 1339 3842 ibi

304 3997 346 4065 p)
365 3997 475 4050 Herold.
494 4007 523 4052 et
550 3998 725 4053 Schilt.'XL.
746 4000 795 4051 sol.
848 4000 886 4070 q)
904 4001 1014 4054 Herold.
1043 4009 1071 4056 et
1089 3999 1337 4073 Lind.‚dcreliquit.

235 4066 269 4136 r)
287 4067 397 4119 llerold.
418 4069 458 4120 De
477 4070 564 4122 libero
584 4071 640 4141 qui.
695 4078 729 4138 a)
749 4069 856 4120 Herold.
883 4085 1027 4124 mortuum.
1066 4071 1165 4124 Schilt.
1188 4069 1336 4126 mardtotin.

235 4137 404 4210 t)Corbion.
419 4152 579 4192 moratonio.
616 4137 724 4194 Thoan.
743 4138 886 4192 morcltoto.
921 4142 987 4194 Met.
1006 4155 1131 4194 morteto.
1151 4139 1261 4198 Putean,
1273 4155 1338 4194 mor·

233 4217 281 4257 τοι.
301 4209 514 4271 degererentur
533 4208 585 4263 Til.
599 4209 759 4266 mortridum
788 4209 895 4262 Herold.
907 4210 1054 4271 mortrado.
1074 4213 1335 4272 schiltmordtuten·
1401 4269 1402 4297 1
