2906 5008
222 295 296 366 250
430 311 911 378 sso1sm1ummosnnr1r.
931 317 969 370 n.
986 319 1059 371 css.
1079 319 1127 374 ιν.-

220 465 327 516 sutem
354 470 440 515 nnus
452 451 553 513 fuerit
569 453 672 532 testis,
696 454 803 521 stille
822 453 905 516 alter
929 457 1113 539 negaverit,
1151 467 1230 536 tnnc
1260 455 1325 517 Dei

220 536 382 621 accipient
410 535 577 602 iudicium,
618 537 744 598 Exeant
762 536 796 597 in
821 534 985 618 campum,
1021 537 1057 600 et¹
1077 539 1131 601 ciii
1157 539 1244 598 Deus
1270 537 1329 598 de·

221 621 306 682 derit
324 618 502 695 dictoriam,
525 619 576 680 illi
599 619 756 680 credatur.
774 621 817 680 Et
828 619 890 680 hoc
915 615 947 680 in
962 623 1142 704 praesentia
1156 619 1270 703 populi
1293 622 1326 697 i)

221 703 292 782 fiat,
334 709 372 762 ut
388 722 447 782 per
471 699 626 761 invidiam
652 703 761 763 nullos
784 711 905 782 pereat.
1184 767 1188 776 ,

300 786 361 849 lIl.
403 784 464 858 (Ut
487 784 594 843 nullus
607 781 691 843 liber
712 783 900 846 Baiuvarius
923 786 1049 850 alodem
1060 795 1114 846 ent
1135 783 1233 846 vitam
1251 781 1323 844 sine

220 866 350 950 capitali
371 865 505 927 crimine
531 867 669 946 perdat,
691 865 727 927 id
751 876 799 928 est
815 866 844 944 l)
871 866 898 928 si
925 878 980 929 snt
1001 870 1014 927 l
1027 876 1036 946 )
1062 869 1096 928 in
1120 887 1233 928 necem
1256 867 1327 924 Dn-

220 949 266 1015 ois
294 947 481 1012 consiliatus
507 948 622 1024 fuerit,
658 957 713 1010 aut
740 947 887 1010 inimicos
917 949 951 1009 in
982 949 1181 1033 provinciam
1208 948 1323 1008 invita·

219 1034 321 1110 verit,
363 1039 418 1092 aut
441 1029 603 1090 civitatem
624 1052 737 1112 capere
759 1031 798 1092 ab
825 1032 986 1110 extraneis
1014 1029 1263 1106 machinaverit,
1290 1037 1323 1090 et

220 1109 339 1175 exinde
367 1112 518 1195 probatus
548 1111 699 1175 inventus
721 1111 838 1190 luerit,
867 1122 946 1176 tunc
978 1115 1011 1176 in
1038 1116 1138 1176 Ducis
1163 1112 1204 1176 sit
1228 1121 1325 1196 pote-

139 1195 141 1206 *
219 1205 297 1258 state
316 1195 501 1274 vitaipsius
531 1203 563 1256 et
590 1217 700 1256 omnes
728 1217 781 1258 res
796 1194 866 1258 eius
889 1205 921 1256 et
943 1197 1179 1278 patrimonium.

301 1279 359 1344 lV.
404 1279 517 1338 Cetera
535 1298 613 1338 varo
631 1298 845 1360 quaecunque
862 1279 1055 1342 commiserit
1070 1287 1218 1361 peccota,
1238 1298 1322 1359 qno·

191 1427 193 1430 ,
219 1382 320 1443 usqne
338 1360 435 1420 habet
455 1359 680 1436 substantiam,
702 1370 871 1443 componat
890 1363 1067 1422 secundum
1085 1361 1198 1444 legem.

303 1446 342 1506 V·
384 1443 418 1504 Si
436 1462 510 1502 vero
525 1463 589 1501 non
610 1441 723 1518 habet,
747 1443 864 1524 ipsese
884 1443 918 1502 in
940 1445 1071 1506 servitio
1095 1442 1268 1526 deprimat,
1290 1449 1324 1504 εἰ

218 1547 278 1610 per
301 1526 443 1606 singulos
467 1544 591 1584 menses
615 1525 667 1585 vel
693 1546 793 1586 annos
819 1536 977 1604 quantum
1005 1528 1129 1587 lucrare
1160 1525 1324 1612 quiverit,

217 1609 378 1693 persolvat
398 1607 452 1667 cui
479 1605 633 1686 deliquit,
656 1606 760 1668 donec
786 1601 928 1670 debitum
954 1609 1142 1670 universnm
1164 1607 1315 1678 restituat

394 1723 456 1782 Car
479 1719 523 1787 ll.
564 1719 603 1781 St
629 1723 698 1806 quis
721 1725 839 1782 Ducem
861 1744 948 1784 suum
974 1721 1135 1788 occiderit.

299 1836 333 1899 Si
354 1835 426 1918 quis
443 1838 568 1896 Ducem
588 1857 682 1902 suom
699 1836 873 1914 occiderit,
893 1836 998 1899 animo
1017 1836 1104 1898 illius
1129 1859 1188 1918 pro
1214 1837 1320 1898 anima

215 1919 287 1983 eins
306 1920 362 1996 sit,
387 1927 520 1978 mortem
536 1939 632 1998 qnam
653 1917 764 1979 intulit
784 1918 935 2002 recipiat,
957 1931 990 1982 et
1006 1941 1056 1982 res
1075 1919 1145 1982 eins
1162 1919 1317 1982 infiscen-

218 2013 273 2065 tur
291 2003 326 2062 in
340 2001 471 2086 publico
492 2001 526 2060 in
541 2001 781 2083 sempiternum.

218 2152 294 2234 Cor.
316 2149 376 2216 lIl.
418 2149 456 2208 Si
476 2149 545 2231 quis
564 2147 748 2210 seditionem
761 2150 950 2211 excitaverit
969 2151 1206 2212 contraDncem
1224 2173 1325 2240 suum⁸

300 2269 327 2326 Ι.
369 2260 402 2322 Si
427 2263 499 2344 quis
524 2262 714 2324 seditionem
732 2263 919 2325 excitaverit
935 2274 1045 2326 contra
1063 2267 1187 2325 Dnccm
1207 2287 1322 2337 snum,

216 2347 306 2429 qnod
326 2345 487 2406 Baiuverii
510 2345 686 2406 carmalum
713 2354 764 2417 m)
783 2345 916 2422 dicunt,
945 2368 1005 2427 per
1028 2369 1123 2426 quem
1153 2348 1186 2407 in
1212 2348 1325 2430 primis

161 2486 163 2488 .
215 2429 315 2489 fucrit
334 2427 494 2505 levatum,
517 2436 687 2510 componat
708 2427 793 2488 Duci
813 2438 980 2488 sexcentos
1002 2431 1132 2493 solidos.

297 2510 340 2575 ll.
380 2510 445 2570 Alii
469 2510 631 2584 homines,
661 2508 717 2590 qui
740 2531 813 2570 enm
832 2509 1030 2572 secuti-sunt
1051 2511 1101 2572 illi
1127 2511 1265 2588 similes,
1287 2520 1320 2572 et

214 2593 386 2655 consilium
409 2614 481 2652 cum
500 2593 568 2675 ipso
590 2591 799 2670 hahuerunt„
820 2591 1042 2674 unusquisque
1070 2613 1144 2655 com
1170 2595 1320 2656 ducentis

214 2676 326 2738 solidis
352 2685 387 2752 n)
410 2684 586 2756 componat.

295 2763 357 2823 III.
403 2758 512 2818 Minor
528 2756 665 2840 populus
680 2753 737 2837 qni
750 2777 824 2816 eum
836 2755 939 2818 secuti
956 2764 1047 2834 sunt,
1071 2767 1104 2818 et
1119 2755 1216 2818 liberi
1230 2765 1318 2834 sunt,

212 2864 286 2903 cnm
306 2840 518 2924 qnadraginta
535 2839 647 2900 solidis
668 2848 878 2922 componant,
900 2847 935 2899 nt
952 2841 1015 2901 tale
1036 2839 1224 2902 scandalum
1251 2861 1318 2900 non

213 2936 363 2986 nascatur
385 2923 418 2981 in
441 2921 621 3005 provincia.
714 2937 716 2944 ⁴

276 3073 350 3138 Car.
373 3069 431 3132 lV.
471 3068 599 3150 Siquis
627 3068 661 3128 in
689 3068 833 3130 exercitu
852 3066 1035 3130 scandulum
1056 3071 1255 3140 excitaverit.

293 3187 321 3250 I.
363 3183 397 3244 Si
422 3182 493 3264 quis
519 3182 553 3242 iu
580 3181 745 3259 exercitu,
767 3202 863 3264 quem
882 3183 949 3245 Rex
980 3182 1141 3244 ordinavit
1163 3182 1214 3244 vel
1240 3184 1316 3242 Dux

213 3269 263 3344 (de
278 3266 445 3348 provincia
460 3265 514 3324 illa
527 3269 568 3339 o),
578 3265 764 3328 scandalum
773 3264 960 3326 excitaverit
971 3264 1054 3325 infra
1072 3255 1200 3346 propria
1210 3264 1315 3342 hoste,

213 3360 246 3410 et
263 3349 308 3409 ibi
323 3348 472 3414 homines
489 3345 606 3408 mortui
620 3347 762 3425 fuerint,
778 3356 955 3430 ¹componat
978 3348 1012 3407 in
1034 3349 1166 3431 publico
1184 3368 1318 3408 sexcen-

217 3442 266 3493 tos
288 3430 416 3492 solidos.
615 3437 617 3442 '

298 3513 339 3578 ll.
382 3513 424 3574 Et
444 3507 590 3593 quisquis
615 3508 661 3570 ihi
682 3519 737 3570 aut
753 3508 997 3592 percussiones,
1026 3520 1080 3570 ant
1106 3511 1232 3594 plagas,
1259 3521 1315 3572 aut

210 3595 422 3658 homicidium
439 3594 568 3670 fecerit,
589 3602 760 3674 componat
772 3591 854 3654 sicut
872 3594 905 3652 in
924 3591 1166 3676 legehahetur,
1189 3594 1315 3654 unicui·

213 3701 276 3763 que
300 3679 476 3740 secundum
497 3697 585 3738 suam
606 3675 833 3757 genealogiam.
1002 3741 1006 3744 ,
1170 3693 1174 3700 ·

291 3761 355 3824 lll.
396 3762 439 3820 Et
460 3758 522 3825 ille¹
533 3759 647 3832 homo,
676 3757 734 3838 qni
752 3759 830 3819 hacc
853 3751 1027 3834 commisit,
1050 3757 1227 3840 benignum
1251 3757 1313 3818 im·

209 3853 301 3930 putet
317 3852 353 3928 p)
370 3844 490 3924 Regem
511 3841 564 3902 vel
579 3839 831 3919 Duocm'suum,
853 3842 879 3904 si
897 3841 928 3904 ci
946 3841 1044 3904 vitam
1066 3840 1294 3907 concesserint.

280 4050 302 4119 i)
320 4049 396 4102 Lind.
416 4056 443 4098 ct
458 4047 566 4098 llcrold.
585 4047 773 4116 inpraesenti
786 4045 896 4115 populo.
967 4044 996 4116 t)
1013 4045 1119 4098 Desunt
1135 4044 1187 4098 ista
1207 4044 1237 4096 in
1259 4045 1314 4096 lle-

209 4121 277 4173 told.
330 4120 357 4186 l)
376 4116 484 4169 Herold.
503 4118 532 4169 Si
550 4119 620 4186 quis.
669 4117 761 4181 mltll·
781 4133 842 4170 mss.
861 4117 1022 4176 carmulam,
1042 4115 1175 4167 armulnm
1216 4113 1312 4185 ·n)A1.

210 4187 501 4329 pphceiporpplCffimpp‘l
538 4192 569 4250 o)
587 4187 627 4240 At
645 4203 705 4240 mss.
723 4185 758 4251 ¹de
776 4203 941 4258 quacunque
956 4187 1103 4256 provincia
1117 4186 1170 4238 itta
1195 4185 1236 4240 vel
1249 4185 1311 4245 illu.
