<?xml version="1.0" encoding="UTF-8"?>
<!DOCTYPE html PUBLIC "-//W3C//DTD XHTML 1.0 Transitional//EN"
    "http://www.w3.org/TR/xhtml1/DTD/xhtml1-transitional.dtd">
<html xmlns="http://www.w3.org/1999/xhtml" xml:lang="en" lang="en">
 <head>
  <title>
</title>
<meta http-equiv="Content-Type" content="text/html;charset=utf-8" />
  <meta name='ocr-system' content='tesseract 3.04.00' />
  <meta name='ocr-capabilities' content='ocr_page ocr_carea ocr_par ocr_line ocrx_word'/>
</head>
<body>
  <div class='ocr_page' id='page_1' title='image "./corpusiurisgerm02visigoog/corpusiurisgerm02visigoog_0266.png"; bbox 0 0 2906 5008; ppageno 0'>
   <div class='ocr_carea' id='block_1_1' title="bbox 342 293 1262 381">
    <p class='ocr_par' dir='ltr' id='par_1_1' title="bbox 342 293 1262 381">
     <span class='ocr_line' id='line_1_1' title="bbox 342 293 1262 381; baseline 0.01 -14"><span class='ocrx_word' id='word_1_1' title='bbox 342 309 742 370; x_wconf 80' lang='lat' dir='ltr'><strong>unsismwrsmosou</strong></span> <span class='ocrx_word' id='word_1_2' title='bbox 769 311 842 366; x_wconf 83' lang='lat' dir='ltr'><strong>rm.</strong></span> <span class='ocrx_word' id='word_1_3' title='bbox 862 311 887 368; x_wconf 85' lang='lat'><strong>1.</strong></span> <span class='ocrx_word' id='word_1_4' title='bbox 905 311 980 368; x_wconf 78' lang='lat' dir='ltr'><strong>car.</strong></span> <span class='ocrx_word' id='word_1_5' title='bbox 1003 312 1069 370; x_wconf 79' lang='lat' dir='ltr'><strong>xii.</strong></span> <span class='ocrx_word' id='word_1_6' title='bbox 1171 293 1262 381; x_wconf 61' lang='lat' dir='ltr'><strong>tet?</strong></span> 
     </span>
    </p>
   </div>
   <div class='ocr_carea' id='block_1_2' title="bbox 146 449 1320 1202">
    <p class='ocr_par' dir='ltr' id='par_1_2' title="bbox 146 449 1320 1202">
     <span class='ocr_line' id='line_1_2' title="bbox 146 449 1320 539; baseline 0.001 -24"><span class='ocrx_word' id='word_1_7' title='bbox 146 451 366 515; x_wconf 82' lang='lat' dir='ltr'><strong>donet&#39;aliam</strong></span> <span class='ocrx_word' id='word_1_8' title='bbox 385 450 575 536; x_wconf 81' lang='lat' dir='ltr'><strong>pecuniam,</strong></span> <span class='ocrx_word' id='word_1_9' title='bbox 596 449 777 534; x_wconf 86' lang='lat' dir='ltr'><strong>mancipia,</strong></span> <span class='ocrx_word' id='word_1_10' title='bbox 796 461 933 531; x_wconf 80' lang='lat' dir='ltr'><strong>terram,</strong></span> <span class='ocrx_word' id='word_1_11' title='bbox 954 453 1007 516; x_wconf 84' lang='lat' dir='ltr'><strong>vel</strong></span> <span class='ocrx_word' id='word_1_12' title='bbox 1028 452 1187 539; x_wconf 62' lang='lat' dir='ltr'><strong>quiequid</strong></span> <span class='ocrx_word' id='word_1_13' title='bbox 1201 454 1262 517; x_wconf 85' lang='lat' dir='ltr'><strong>ha·</strong></span> <span class='ocrx_word' id='word_1_14' title='bbox 1316 479 1320 494; x_wconf 76' lang='lat'>‚</span> 
     </span>
     <span class='ocr_line' id='line_1_3' title="bbox 147 533 1245 618; baseline -0.006 -20"><span class='ocrx_word' id='word_1_15' title='bbox 147 536 241 615; x_wconf 80' lang='lat' dir='ltr'><strong>beat,</strong></span> <span class='ocrx_word' id='word_1_16' title='bbox 263 556 367 618; x_wconf 87' lang='lat' dir='ltr'><strong>usque</strong></span> <span class='ocrx_word' id='word_1_17' title='bbox 391 536 466 595; x_wconf 91' lang='lat' dir='ltr'><strong>dum</strong></span> <span class='ocrx_word' id='word_1_18' title='bbox 488 533 628 616; x_wconf 87' lang='lat' dir='ltr'><strong>impleat.</strong></span> <span class='ocrx_word' id='word_1_19' title='bbox 1206 570 1245 591; x_wconf 46' lang='grc' dir='ltr'><strong>,ν</strong></span> 
     </span>
     <span class='ocr_line' id='line_1_4' title="bbox 213 615 1246 694; baseline 0.005 -15"><span class='ocrx_word' id='word_1_20' title='bbox 213 619 291 681; x_wconf 74' lang='lat' dir='ltr'><strong>tlt.</strong></span> <span class='ocrx_word' id='word_1_21' title='bbox 332 618 513 678; x_wconf 81' lang='lat' dir='ltr'><strong>Diaconum</strong></span> <span class='ocrx_word' id='word_1_22' title='bbox 532 635 608 678; x_wconf 80' lang='lat' dir='ltr'><strong>vero</strong></span> <span class='ocrx_word' id='word_1_23' title='bbox 631 639 705 680; x_wconf 90' lang='lat' dir='ltr'><strong>cum</strong></span> <span class='ocrx_word' id='word_1_24' title='bbox 727 615 874 680; x_wconf 84' lang='lat' dir='ltr'><strong>ducentis</strong></span> <span class='ocrx_word' id='word_1_25' title='bbox 894 615 1007 680; x_wconf 86' lang='lat' dir='ltr'><strong>solidis</strong></span> <span class='ocrx_word' id='word_1_26' title='bbox 1026 619 1138 690; x_wconf 83' lang='lat' dir='ltr'><strong>solvat.</strong></span> <span class='ocrx_word' id='word_1_27' title='bbox 1232 656 1246 694; x_wconf 60' lang='lat' dir='ltr'><strong>e</strong></span> 
     </span>
     <span class='ocr_line' id='line_1_5' title="bbox 232 700 1260 783; baseline 0.007 -22"><span class='ocrx_word' id='word_1_28' title='bbox 232 701 290 763; x_wconf 87' lang='lat' dir='ltr'><strong>lV.</strong></span> <span class='ocrx_word' id='word_1_29' title='bbox 330 703 490 782; x_wconf 89' lang='lat' dir='ltr'><strong>Utrosque</strong></span> <span class='ocrx_word' id='word_1_30' title='bbox 512 700 553 761; x_wconf 81' lang='lat' dir='ltr'><strong>ad</strong></span> <span class='ocrx_word' id='word_1_31' title='bbox 574 700 664 762; x_wconf 84' lang='lat' dir='ltr'><strong>illem</strong></span> <span class='ocrx_word' id='word_1_32' title='bbox 683 701 874 775; x_wconf 82' lang='lat' dir='ltr'><strong>Ecclesiam,</strong></span> <span class='ocrx_word' id='word_1_33' title='bbox 896 700 952 760; x_wconf 90' lang='lat' dir='ltr'><strong>ubi</strong></span> <span class='ocrx_word' id='word_1_34' title='bbox 973 701 1110 763; x_wconf 88' lang='lat' dir='ltr'><strong>ministri</strong></span> <span class='ocrx_word' id='word_1_35' title='bbox 1126 703 1260 783; x_wconf 66' lang='lat' dir='ltr'><strong>fuerint,</strong></span> 
     </span>
     <span class='ocr_line' id='line_1_6' title="bbox 149 782 1263 872; baseline 0.004 -27"><span class='ocrx_word' id='word_1_36' title='bbox 149 782 309 866; x_wconf 82' lang='lat' dir='ltr'><strong>Episcopo</strong></span> <span class='ocrx_word' id='word_1_37' title='bbox 329 783 530 864; x_wconf 84' lang='lat' dir='ltr'>requirente,</span> <span class='ocrx_word' id='word_1_38' title='bbox 553 791 587 844; x_wconf 93' lang='lat' dir='ltr'><strong>et</strong></span> <span class='ocrx_word' id='word_1_39' title='bbox 605 783 712 846; x_wconf 86' lang='lat' dir='ltr'><strong>indice</strong></span> <span class='ocrx_word' id='word_1_40' title='bbox 743 787 780 861; x_wconf 74' lang='lat' dir='ltr'><strong>cc)</strong></span> <span class='ocrx_word' id='word_1_41' title='bbox 803 790 957 864; x_wconf 81' lang='lat' dir='ltr'><strong>cogente,</strong></span> <span class='ocrx_word' id='word_1_42' title='bbox 978 785 1036 866; x_wconf 86' lang='lat' dir='ltr'><strong>qui</strong></span> <span class='ocrx_word' id='word_1_43' title='bbox 1057 785 1092 845; x_wconf 93' lang='lat' dir='ltr'><strong>in</strong></span> <span class='ocrx_word' id='word_1_44' title='bbox 1112 785 1170 848; x_wconf 89' lang='lat' dir='ltr'><strong>illa</strong></span> <span class='ocrx_word' id='word_1_45' title='bbox 1184 810 1263 872; x_wconf 85' lang='lat' dir='ltr'><strong>pro·</strong></span> 
     </span>
     <span class='ocr_line' id='line_1_7' title="bbox 149 865 513 928; baseline -0.003 -1"><span class='ocrx_word' id='word_1_46' title='bbox 149 865 258 927; x_wconf 82' lang='lat' dir='ltr'><strong>vincia</strong></span> <span class='ocrx_word' id='word_1_47' title='bbox 278 867 320 928; x_wconf 89' lang='lat' dir='ltr'><strong>sit</strong></span> <span class='ocrx_word' id='word_1_48' title='bbox 339 865 513 926; x_wconf 87' lang='lat' dir='ltr'><strong>ordinatus.</strong></span> 
     </span>
     <span class='ocr_line' id='line_1_8' title="bbox 209 947 1263 1036; baseline 0.004 -24"><span class='ocrx_word' id='word_1_49' title='bbox 209 997 218 1024; x_wconf 26' lang='lat'><strong>¹,</strong></span> <span class='ocrx_word' id='word_1_50' title='bbox 236 948 277 1016; x_wconf 87' lang='lat' dir='ltr'><strong>V.</strong></span> <span class='ocrx_word' id='word_1_51' title='bbox 318 950 360 1010; x_wconf 91' lang='lat' dir='ltr'><strong>Et</strong></span> <span class='ocrx_word' id='word_1_52' title='bbox 380 969 438 1031; x_wconf 90' lang='lat' dir='ltr'><strong>pro</strong></span> <span class='ocrx_word' id='word_1_53' title='bbox 458 947 550 1008; x_wconf 85' lang='lat' dir='ltr'><strong>fredo</strong></span> <span class='ocrx_word' id='word_1_54' title='bbox 570 947 604 1009; x_wconf 89' lang='lat' dir='ltr'><strong>in</strong></span> <span class='ocrx_word' id='word_1_55' title='bbox 627 947 759 1032; x_wconf 88' lang='lat' dir='ltr'><strong>publico</strong></span> <span class='ocrx_word' id='word_1_56' title='bbox 781 948 882 1010; x_wconf 76' lang='lat' dir='ltr'><strong>solvat</strong></span> <span class='ocrx_word' id='word_1_57' title='bbox 900 947 1022 1010; x_wconf 85' lang='lat' dir='ltr'><strong>solidos</strong></span> <span class='ocrx_word' id='word_1_58' title='bbox 1037 951 1199 1036; x_wconf 80' lang='lat' dir='ltr'><strong>sexaginta</strong></span> <span class='ocrx_word' id='word_1_59' title='bbox 1213 959 1263 1035; x_wconf 71' lang='lat' dir='ltr'><strong>pt),</strong></span> 
     </span>
     <span class='ocr_line' id='line_1_9' title="bbox 152 1029 1262 1113; baseline 0.007 -20"><span class='ocrx_word' id='word_1_60' title='bbox 152 1041 190 1093; x_wconf 90' lang='lat' dir='ltr'><strong>ut</strong></span> <span class='ocrx_word' id='word_1_61' title='bbox 212 1032 327 1094; x_wconf 84' lang='lat' dir='ltr'>exinde</span> <span class='ocrx_word' id='word_1_62' title='bbox 349 1029 389 1092; x_wconf 87' lang='lat' dir='ltr'><strong>sit</strong></span> <span class='ocrx_word' id='word_1_63' title='bbox 418 1030 606 1113; x_wconf 67' lang='lat' dir='ltr'><strong>reverentia¹</strong></span> <span class='ocrx_word' id='word_1_64' title='bbox 621 1031 841 1106; x_wconf 88' lang='lat' dir='ltr'><strong>sacerdotnm,</strong></span> <span class='ocrx_word' id='word_1_65' title='bbox 877 1039 911 1090; x_wconf 91' lang='lat' dir='ltr'><strong>et</strong></span> <span class='ocrx_word' id='word_1_66' title='bbox 930 1031 1036 1092; x_wconf 89' lang='lat' dir='ltr'><strong>honor</strong></span> <span class='ocrx_word' id='word_1_67' title='bbox 1064 1036 1262 1101; x_wconf 78' lang='lat' dir='ltr'><strong>ecclesiasti-</strong></span> 
     </span>
     <span class='ocr_line' id='line_1_10' title="bbox 153 1114 1263 1202; baseline 0.004 -25"><span class='ocrx_word' id='word_1_68' title='bbox 153 1137 210 1177; x_wconf 91' lang='lat' dir='ltr'><strong>cus</strong></span> <span class='ocrx_word' id='word_1_69' title='bbox 233 1136 298 1175; x_wconf 91' lang='lat' dir='ltr'><strong>non</strong></span> <span class='ocrx_word' id='word_1_70' title='bbox 321 1121 556 1191; x_wconf 84' lang='lat' dir='ltr'><strong>contemnatur,</strong></span> <span class='ocrx_word' id='word_1_71' title='bbox 579 1132 684 1196; x_wconf 87' lang='lat' dir='ltr'><strong>neque</strong></span> <span class='ocrx_word' id='word_1_72' title='bbox 704 1114 919 1196; x_wconf 79' lang='lat' dir='ltr'>praesumptio</span> <span class='ocrx_word' id='word_1_73' title='bbox 950 1125 1071 1177; x_wconf 84' lang='lat' dir='ltr'><strong>crescat</strong></span> <span class='ocrx_word' id='word_1_74' title='bbox 1090 1117 1125 1178; x_wconf 92' lang='lat' dir='ltr'><strong>in</strong></span> <span class='ocrx_word' id='word_1_75' title='bbox 1155 1118 1263 1202; x_wconf 81' lang='lat' dir='ltr'><strong>plebe.</strong></span> 
     </span>
    </p>
   </div>
   <div class='ocr_carea' id='block_1_3' title="bbox 204 1221 1242 1307">
    <p class='ocr_par' dir='ltr' id='par_1_3' title="bbox 204 1221 1242 1307">
     <span class='ocr_line' id='line_1_11' title="bbox 204 1221 1242 1307; baseline 0.001 -24"><span class='ocrx_word' id='word_1_76' title='bbox 204 1231 210 1238; x_wconf 86' lang='grc'><strong>’</strong></span> <span class='ocrx_word' id='word_1_77' title='bbox 251 1224 330 1286; x_wconf 75' lang='lat' dir='ltr'><strong>Cir.</strong></span> <span class='ocrx_word' id='word_1_78' title='bbox 361 1224 420 1285; x_wconf 88' lang='lat' dir='ltr'><strong>XI.</strong></span> <span class='ocrx_word' id='word_1_79' title='bbox 461 1223 511 1282; x_wconf 88' lang='lat' dir='ltr'><strong>De</strong></span> <span class='ocrx_word' id='word_1_80' title='bbox 531 1221 720 1307; x_wconf 83' lang='lat' dir='ltr'><strong>Episcopis,</strong></span> <span class='ocrx_word' id='word_1_81' title='bbox 741 1235 772 1282; x_wconf 87' lang='lat' dir='ltr'><strong>et</strong></span> <span class='ocrx_word' id='word_1_82' title='bbox 790 1223 919 1283; x_wconf 81' lang='lat' dir='ltr'><strong>illorum</strong></span> <span class='ocrx_word' id='word_1_83' title='bbox 937 1223 1165 1305; x_wconf 84' lang='lat' dir='ltr'><strong>interfectione.</strong></span> <span class='ocrx_word' id='word_1_84' title='bbox 1220 1245 1242 1272; x_wconf 57' lang='grc' dir='ltr'>ἰ</span> 
     </span>
    </p>
   </div>
   <div class='ocr_carea' id='block_1_4' title="bbox 134 1325 1317 3146">
    <p class='ocr_par' dir='ltr' id='par_1_4' title="bbox 134 1325 1317 2317">
     <span class='ocr_line' id='line_1_12' title="bbox 235 1325 1281 1412; baseline -0.003 -20"><span class='ocrx_word' id='word_1_85' title='bbox 235 1332 260 1398; x_wconf 90' lang='grc' dir='ltr'><strong>Ι.</strong></span> <span class='ocrx_word' id='word_1_86' title='bbox 302 1329 336 1390; x_wconf 90' lang='lat' dir='ltr'><strong>Si</strong></span> <span class='ocrx_word' id='word_1_87' title='bbox 358 1327 430 1410; x_wconf 89' lang='lat' dir='ltr'><strong>quis</strong></span> <span class='ocrx_word' id='word_1_88' title='bbox 451 1325 666 1408; x_wconf 89' lang='lat' dir='ltr'><strong>Episcopum,</strong></span> <span class='ocrx_word' id='word_1_89' title='bbox 701 1348 799 1408; x_wconf 90' lang='lat' dir='ltr'><strong>quem</strong></span> <span class='ocrx_word' id='word_1_90' title='bbox 820 1325 986 1388; x_wconf 86' lang='lat' dir='ltr'><strong>constituit</strong></span> <span class='ocrx_word' id='word_1_91' title='bbox 1006 1328 1095 1406; x_wconf 86' lang='lat' dir='ltr'>Rex,</span> <span class='ocrx_word' id='word_1_92' title='bbox 1121 1327 1175 1389; x_wconf 80' lang='lat' dir='ltr'><strong>vel</strong></span> <span class='ocrx_word' id='word_1_93' title='bbox 1203 1342 1281 1412; x_wconf 65' lang='lat' dir='ltr'><strong>po-¹</strong></span> 
     </span>
     <span class='ocr_line' id='line_1_13' title="bbox 153 1407 1265 1498; baseline -0.004 -21"><span class='ocrx_word' id='word_1_94' title='bbox 153 1416 251 1498; x_wconf 84' lang='lat' dir='ltr'><strong>pulos</strong></span> <span class='ocrx_word' id='word_1_95' title='bbox 273 1411 373 1494; x_wconf 80' lang='lat' dir='ltr'><strong>elegit</strong></span> <span class='ocrx_word' id='word_1_96' title='bbox 394 1407 454 1470; x_wconf 91' lang='lat' dir='ltr'><strong>sihi</strong></span> <span class='ocrx_word' id='word_1_97' title='bbox 475 1409 686 1486; x_wconf 88' lang='lat' dir='ltr'><strong>Pontificem,</strong></span> <span class='ocrx_word' id='word_1_98' title='bbox 709 1407 874 1486; x_wconf 88' lang='lat' dir='ltr'><strong>occiderit,</strong></span> <span class='ocrx_word' id='word_1_99' title='bbox 897 1409 998 1470; x_wconf 89' lang='lat' dir='ltr'><strong>solvat</strong></span> <span class='ocrx_word' id='word_1_100' title='bbox 1018 1431 1091 1470; x_wconf 90' lang='lat' dir='ltr'><strong>eum</strong></span> <span class='ocrx_word' id='word_1_101' title='bbox 1112 1411 1191 1494; x_wconf 84' lang='lat' dir='ltr'>Regi</span> <span class='ocrx_word' id='word_1_102' title='bbox 1212 1412 1265 1473; x_wconf 81' lang='lat' dir='ltr'><strong>vel</strong></span> 
     </span>
     <span class='ocr_line' id='line_1_14' title="bbox 134 1489 1266 1580; baseline -0.004 -21"><span class='ocrx_word' id='word_1_103' title='bbox 134 1498 243 1580; x_wconf 50' lang='lat' dir='ltr'><strong>xplebi</strong></span> <span class='ocrx_word' id='word_1_104' title='bbox 266 1504 321 1555; x_wconf 86' lang='lat' dir='ltr'><strong>aut</strong></span> <span class='ocrx_word' id='word_1_105' title='bbox 341 1490 526 1578; x_wconf 89' lang='lat' dir='ltr'><strong>parentibus</strong></span> <span class='ocrx_word' id='word_1_106' title='bbox 546 1490 724 1553; x_wconf 91' lang='lat' dir='ltr'><strong>secundum</strong></span> <span class='ocrx_word' id='word_1_107' title='bbox 754 1489 817 1552; x_wconf 89' lang='lat' dir='ltr'><strong>hoc</strong></span> <span class='ocrx_word' id='word_1_108' title='bbox 848 1491 1000 1553; x_wconf 86' lang='lat' dir='ltr'><strong>edictum.</strong></span> <span class='ocrx_word' id='word_1_109' title='bbox 1054 1492 1126 1552; x_wconf 85' lang='lat' dir='ltr'><strong>Fia&#39;t</strong></span> <span class='ocrx_word' id='word_1_110' title='bbox 1155 1495 1266 1556; x_wconf 87' lang='lat' dir='ltr'><strong>tunic&#39;a</strong></span> 
     </span>
     <span class='ocr_line' id='line_1_15' title="bbox 152 1572 1317 1664; baseline -0.003 -24"><span class='ocrx_word' id='word_1_111' title='bbox 152 1579 304 1664; x_wconf 79' lang='lat' dir='ltr'><strong>plumbea</strong></span> <span class='ocrx_word' id='word_1_112' title='bbox 336 1573 515 1638; x_wconf 89' lang='lat' dir='ltr'><strong>secundum</strong></span> <span class='ocrx_word' id='word_1_113' title='bbox 545 1583 661 1634; x_wconf 85' lang='lat' dir='ltr'><strong>statum</strong></span> <span class='ocrx_word' id='word_1_114' title='bbox 689 1575 775 1650; x_wconf 89' lang='lat' dir='ltr'><strong>eius,</strong></span> <span class='ocrx_word' id='word_1_115' title='bbox 812 1581 843 1634; x_wconf 84' lang='lat' dir='ltr'><strong>ei</strong></span> <span class='ocrx_word' id='word_1_116' title='bbox 865 1575 953 1656; x_wconf 91' lang='lat' dir='ltr'><strong>quod</strong></span> <span class='ocrx_word' id='word_1_117' title='bbox 973 1574 1041 1656; x_wconf 83' lang='lat' dir='ltr'><strong>ipsa</strong></span> <span class='ocrx_word' id='word_1_118' title='bbox 1071 1578 1265 1658; x_wconf 80' lang='lat' dir='ltr'><strong>pensaverit,</strong></span> <span class='ocrx_word' id='word_1_119' title='bbox 1314 1572 1317 1580; x_wconf 71' lang='grc'><strong>’</strong></span> 
     </span>
     <span class='ocr_line' id='line_1_16' title="bbox 151 1655 1266 1739; baseline -0.001 -18"><span class='ocrx_word' id='word_1_120' title='bbox 151 1663 223 1723; x_wconf 86' lang='lat' dir='ltr'><strong>auri</strong></span> <span class='ocrx_word' id='word_1_121' title='bbox 246 1665 274 1739; x_wconf 81' lang='lat' dir='ltr'><strong>z)</strong></span> <span class='ocrx_word' id='word_1_122' title='bbox 294 1668 420 1720; x_wconf 87' lang='lat' dir='ltr'><strong>tantum</strong></span> <span class='ocrx_word' id='word_1_123' title='bbox 444 1655 553 1733; x_wconf 90' lang='lat' dir='ltr'><strong>donet,</strong></span> <span class='ocrx_word' id='word_1_124' title='bbox 575 1656 633 1737; x_wconf 91' lang='lat' dir='ltr'><strong>qui</strong></span> <span class='ocrx_word' id='word_1_125' title='bbox 655 1678 728 1717; x_wconf 90' lang='lat' dir='ltr'><strong>eum</strong></span> <span class='ocrx_word' id='word_1_126' title='bbox 750 1655 878 1718; x_wconf 88' lang='lat' dir='ltr'><strong>occidit.</strong></span> <span class='ocrx_word' id='word_1_127' title='bbox 918 1657 960 1716; x_wconf 92' lang='lat' dir='ltr'><strong>Et</strong></span> <span class='ocrx_word' id='word_1_128' title='bbox 981 1657 1008 1718; x_wconf 85' lang='lat' dir='ltr'><strong>si</strong></span> <span class='ocrx_word' id='word_1_129' title='bbox 1031 1663 1184 1737; x_wconf 85' lang='lat' dir='ltr'><strong>aurumu)</strong></span> <span class='ocrx_word' id='word_1_130' title='bbox 1200 1655 1266 1728; x_wconf 79' lang='lat' dir='ltr'><strong>ndu</strong></span> 
     </span>
     <span class='ocr_line' id='line_1_17' title="bbox 150 1737 1265 1822; baseline 0 -18"><span class='ocrx_word' id='word_1_131' title='bbox 150 1744 260 1820; x_wconf 89' lang='lat' dir='ltr'><strong>habet,</strong></span> <span class='ocrx_word' id='word_1_132' title='bbox 284 1743 384 1804; x_wconf 89' lang='lat' dir='ltr'><strong>donet</strong></span> <span class='ocrx_word' id='word_1_133' title='bbox 405 1737 499 1798; x_wconf 86' lang='lat' dir='ltr'><strong>aliam</strong></span> <span class='ocrx_word' id='word_1_134' title='bbox 521 1739 710 1822; x_wconf 90' lang='lat' dir='ltr'><strong>pecuniam,</strong></span> <span class='ocrx_word' id='word_1_135' title='bbox 732 1739 908 1820; x_wconf 83' lang='lat' dir='ltr'><strong>mancipia,</strong></span> <span class='ocrx_word' id='word_1_136' title='bbox 930 1749 1058 1819; x_wconf 87' lang='lat' dir='ltr'><strong>terram,</strong></span> <span class='ocrx_word' id='word_1_137' title='bbox 1080 1741 1191 1820; x_wconf 84' lang='lat' dir='ltr'><strong>villas,</strong></span> <span class='ocrx_word' id='word_1_138' title='bbox 1212 1742 1265 1804; x_wconf 86' lang='lat' dir='ltr'><strong>vel</strong></span> 
     </span>
     <span class='ocr_line' id='line_1_18' title="bbox 153 1822 1265 1918; baseline -0.002 -31"><span class='ocrx_word' id='word_1_139' title='bbox 153 1825 314 1908; x_wconf 88' lang='lat' dir='ltr'><strong>quicquid</strong></span> <span class='ocrx_word' id='word_1_140' title='bbox 334 1823 454 1898; x_wconf 85' lang='lat' dir='ltr'><strong>habet,</strong></span> <span class='ocrx_word' id='word_1_141' title='bbox 477 1843 581 1918; x_wconf 70' lang='lat' dir='ltr'><strong>usque</strong></span> <span class='ocrx_word' id='word_1_142' title='bbox 604 1823 681 1883; x_wconf 89' lang='lat' dir='ltr'><strong>dum</strong></span> <span class='ocrx_word' id='word_1_143' title='bbox 702 1823 835 1904; x_wconf 87' lang='lat' dir='ltr'><strong>impleat</strong></span> <span class='ocrx_word' id='word_1_144' title='bbox 870 1822 1022 1882; x_wconf 88' lang='lat' dir='ltr'><strong>debitum.</strong></span> <span class='ocrx_word' id='word_1_145' title='bbox 1070 1823 1113 1886; x_wconf 88' lang='lat' dir='ltr'><strong>Et</strong></span> <span class='ocrx_word' id='word_1_146' title='bbox 1140 1825 1165 1884; x_wconf 90' lang='lat' dir='ltr'><strong>si</strong></span> <span class='ocrx_word' id='word_1_147' title='bbox 1198 1836 1265 1885; x_wconf 78' lang='lat' dir='ltr'><strong>noti</strong></span> 
     </span>
     <span class='ocr_line' id='line_1_19' title="bbox 152 1905 1266 1986; baseline -0.004 -15"><span class='ocrx_word' id='word_1_148' title='bbox 152 1910 252 1971; x_wconf 87' lang='lat' dir='ltr'><strong>habet</strong></span> <span class='ocrx_word' id='word_1_149' title='bbox 272 1915 396 1968; x_wconf 90' lang='lat' dir='ltr'><strong>tantam</strong></span> <span class='ocrx_word' id='word_1_150' title='bbox 416 1925 607 1986; x_wconf 77' lang='lat' dir='ltr'><strong>pecuniam,</strong></span> <span class='ocrx_word' id='word_1_151' title='bbox 638 1926 670 1965; x_wconf 88' lang='lat' dir='ltr'><strong>se</strong></span> <span class='ocrx_word' id='word_1_152' title='bbox 694 1905 797 1986; x_wconf 89' lang='lat' dir='ltr'><strong>ipsum</strong></span> <span class='ocrx_word' id='word_1_153' title='bbox 820 1912 853 1964; x_wconf 87' lang='lat' dir='ltr'><strong>et</strong></span> <span class='ocrx_word' id='word_1_154' title='bbox 873 1925 1005 1966; x_wconf 83' lang='lat' dir='ltr'><strong>uxorem</strong></span> <span class='ocrx_word' id='word_1_155' title='bbox 1028 1917 1060 1967; x_wconf 91' lang='lat' dir='ltr'><strong>et</strong></span> <span class='ocrx_word' id='word_1_156' title='bbox 1087 1905 1172 1967; x_wconf 85' lang='lat' dir='ltr'><strong>tilios</strong></span> <span class='ocrx_word' id='word_1_157' title='bbox 1200 1916 1266 1967; x_wconf 83' lang='lat' dir='ltr'><strong>tra-</strong></span> 
     </span>
     <span class='ocr_line' id='line_1_20' title="bbox 153 1985 1264 2068; baseline -0.003 -14"><span class='ocrx_word' id='word_1_158' title='bbox 153 1993 207 2054; x_wconf 84' lang='lat' dir='ltr'><strong>dat</strong></span> <span class='ocrx_word' id='word_1_159' title='bbox 228 1991 269 2052; x_wconf 86' lang='lat' dir='ltr'><strong>sd</strong></span> <span class='ocrx_word' id='word_1_160' title='bbox 289 1987 469 2052; x_wconf 84' lang='lat' dir='ltr'><strong>Ecclesiam</strong></span> <span class='ocrx_word' id='word_1_161' title='bbox 492 1987 579 2047; x_wconf 80' lang='lat' dir='ltr'><strong>illam</strong></span> <span class='ocrx_word' id='word_1_162' title='bbox 603 1985 636 2046; x_wconf 89' lang='lat' dir='ltr'><strong>in</strong></span> <span class='ocrx_word' id='word_1_163' title='bbox 658 1987 831 2063; x_wconf 86' lang='lat' dir='ltr'><strong>servitium,</strong></span> <span class='ocrx_word' id='word_1_164' title='bbox 854 2007 954 2068; x_wconf 89' lang='lat' dir='ltr'><strong>usque</strong></span> <span class='ocrx_word' id='word_1_165' title='bbox 969 1989 1089 2050; x_wconf 83' lang='lat' dir='ltr'><strong>‹lumse</strong></span> <span class='ocrx_word' id='word_1_166' title='bbox 1103 1989 1264 2053; x_wconf 86' lang='lat' dir='ltr'><strong>redimere</strong></span> 
     </span>
     <span class='ocr_line' id='line_1_21' title="bbox 152 2069 1266 2159; baseline -0.003 -23"><span class='ocrx_word' id='word_1_167' title='bbox 152 2075 262 2159; x_wconf 82' lang='lat' dir='ltr'><strong>possit.</strong></span> <span class='ocrx_word' id='word_1_168' title='bbox 314 2073 382 2132; x_wconf 90' lang='lat' dir='ltr'><strong>Hoc</strong></span> <span class='ocrx_word' id='word_1_169' title='bbox 414 2091 474 2153; x_wconf 86' lang='lat' dir='ltr'><strong>per</strong></span> <span class='ocrx_word' id='word_1_170' title='bbox 502 2069 671 2151; x_wconf 90' lang='lat' dir='ltr'><strong>imperium</strong></span> <span class='ocrx_word' id='word_1_171' title='bbox 692 2070 787 2152; x_wconf 82' lang='lat' dir='ltr'><strong>Regis</strong></span> <span class='ocrx_word' id='word_1_172' title='bbox 807 2069 859 2129; x_wconf 81' lang='lat' dir='ltr'><strong>vel</strong></span> <span class='ocrx_word' id='word_1_173' title='bbox 882 2069 995 2130; x_wconf 86' lang='lat' dir='ltr'><strong>iudicis</strong></span> <span class='ocrx_word' id='word_1_174' title='bbox 1019 2071 1083 2132; x_wconf 84' lang='lat' dir='ltr'><strong>fiat.</strong></span> <span class='ocrx_word' id='word_1_175' title='bbox 1134 2070 1266 2148; x_wconf 40' lang='lat' dir='ltr'><strong>Erilis</strong></span> 
     </span>
     <span class='ocr_line' id='line_1_22' title="bbox 153 2151 1266 2240; baseline -0.002 -22"><span class='ocrx_word' id='word_1_176' title='bbox 153 2155 294 2240; x_wconf 86' lang='lat' dir='ltr'><strong>pecunia</strong></span> <span class='ocrx_word' id='word_1_177' title='bbox 316 2153 349 2214; x_wconf 91' lang='lat' dir='ltr'><strong>in</strong></span> <span class='ocrx_word' id='word_1_178' title='bbox 373 2175 432 2215; x_wconf 89' lang='lat' dir='ltr'><strong>usu</strong></span> <span class='ocrx_word' id='word_1_179' title='bbox 454 2153 551 2234; x_wconf 89' lang='lat' dir='ltr'><strong>ipsius</strong></span> <span class='ocrx_word' id='word_1_180' title='bbox 576 2152 761 2231; x_wconf 75' lang='lat' dir='ltr'><strong>Ecclesiae,</strong></span> <span class='ocrx_word' id='word_1_181' title='bbox 793 2151 848 2214; x_wconf 88' lang='lat' dir='ltr'><strong>ubi</strong></span> <span class='ocrx_word' id='word_1_182' title='bbox 870 2153 1022 2214; x_wconf 82' lang='lat' dir='ltr'><strong>Pontifex</strong></span> <span class='ocrx_word' id='word_1_183' title='bbox 1037 2153 1122 2234; x_wconf 81' lang='lat' dir='ltr'><strong>suit,</strong></span> <span class='ocrx_word' id='word_1_184' title='bbox 1156 2153 1202 2219; x_wconf 83' lang='lat' dir='ltr'><strong>ibi</strong></span> <span class='ocrx_word' id='word_1_185' title='bbox 1224 2155 1266 2237; x_wconf 75' lang='lat' dir='ltr'><strong>sit</strong></span> 
     </span>
     <span class='ocr_line' id='line_1_23' title="bbox 153 2234 1241 2317; baseline -0.014 -16"><span class='ocrx_word' id='word_1_186' title='bbox 153 2240 277 2301; x_wconf 85' lang='lat' dir='ltr'><strong>firmata</strong></span> <span class='ocrx_word' id='word_1_187' title='bbox 298 2257 399 2317; x_wconf 89' lang='lat' dir='ltr'><strong>usque</strong></span> <span class='ocrx_word' id='word_1_188' title='bbox 422 2235 455 2293; x_wconf 90' lang='lat' dir='ltr'><strong>in</strong></span> <span class='ocrx_word' id='word_1_189' title='bbox 477 2244 677 2316; x_wconf 87' lang='lat' dir='ltr'><strong>perpetuum.</strong></span> <span class='ocrx_word' id='word_1_190' title='bbox 1238 2234 1241 2244; x_wconf 85' lang='lat'>&#39;</span> 
     </span>
    </p>

    <p class='ocr_par' dir='ltr' id='par_1_5' title="bbox 152 2311 1263 2632">
     <span class='ocr_line' id='line_1_24' title="bbox 238 2311 1262 2405; baseline 0.002 -24"><span class='ocrx_word' id='word_1_191' title='bbox 238 2323 280 2382; x_wconf 90' lang='lat' dir='ltr'><strong>ll.</strong></span> <span class='ocrx_word' id='word_1_192' title='bbox 322 2320 363 2381; x_wconf 89' lang='lat' dir='ltr'><strong>Et</strong></span> <span class='ocrx_word' id='word_1_193' title='bbox 385 2317 411 2379; x_wconf 94' lang='lat' dir='ltr'><strong>si</strong></span> <span class='ocrx_word' id='word_1_194' title='bbox 432 2317 611 2399; x_wconf 85' lang='lat' dir='ltr'><strong>Episcopus</strong></span> <span class='ocrx_word' id='word_1_195' title='bbox 634 2324 744 2377; x_wconf 84' lang='lat' dir='ltr'><strong>contra</strong></span> <span class='ocrx_word' id='word_1_196' title='bbox 766 2316 907 2399; x_wconf 78' lang='lat' dir='ltr'><strong>aliquem</strong></span> <span class='ocrx_word' id='word_1_197' title='bbox 929 2319 1099 2402; x_wconf 85' lang='lat' dir='ltr'><strong>culpabilis</strong></span> <span class='ocrx_word' id='word_1_198' title='bbox 1121 2311 1262 2405; x_wconf 77' lang='lat' dir='ltr'><strong>apparet,</strong></span> 
     </span>
     <span class='ocr_line' id='line_1_25' title="bbox 153 2395 1261 2486; baseline 0.002 -20"><span class='ocrx_word' id='word_1_199' title='bbox 153 2426 220 2466; x_wconf 90' lang='lat' dir='ltr'><strong>non</strong></span> <span class='ocrx_word' id='word_1_200' title='bbox 242 2409 422 2486; x_wconf 82' lang='lat' dir='ltr'><strong>praesumat</strong></span> <span class='ocrx_word' id='word_1_201' title='bbox 443 2395 517 2460; x_wconf 81' lang='lat' dir='ltr'><strong>eum</strong></span> <span class='ocrx_word' id='word_1_202' title='bbox 540 2400 704 2478; x_wconf 87' lang='lat' dir='ltr'><strong>occidere,</strong></span> <span class='ocrx_word' id='word_1_203' title='bbox 735 2400 810 2481; x_wconf 86' lang='lat' dir='ltr'><strong>quia</strong></span> <span class='ocrx_word' id='word_1_204' title='bbox 838 2401 986 2464; x_wconf 89' lang='lat' dir='ltr'><strong>Summus</strong></span> <span class='ocrx_word' id='word_1_205' title='bbox 1013 2403 1164 2469; x_wconf 77' lang='lat' dir='ltr'><strong>Pontifex</strong></span> <span class='ocrx_word' id='word_1_206' title='bbox 1194 2403 1261 2479; x_wconf 76' lang='lat' dir='ltr'><strong>est5</strong></span> 
     </span>
     <span class='ocr_line' id='line_1_26' title="bbox 152 2483 1263 2573; baseline 0.003 -24"><span class='ocrx_word' id='word_1_207' title='bbox 152 2488 212 2550; x_wconf 85' lang='lat' dir='ltr'><strong>sed</strong></span> <span class='ocrx_word' id='word_1_208' title='bbox 232 2486 343 2547; x_wconf 89' lang='lat' dir='ltr'><strong>mallet</strong></span> <span class='ocrx_word' id='word_1_209' title='bbox 364 2504 438 2546; x_wconf 88' lang='lat' dir='ltr'><strong>eum</strong></span> <span class='ocrx_word' id='word_1_210' title='bbox 459 2491 534 2545; x_wconf 86' lang='lat' dir='ltr'><strong>ante</strong></span> <span class='ocrx_word' id='word_1_211' title='bbox 556 2485 683 2566; x_wconf 79' lang='lat' dir='ltr'><strong>Regem</strong></span> <span class='ocrx_word' id='word_1_212' title='bbox 697 2483 750 2543; x_wconf 88' lang='lat' dir='ltr'><strong>vel</strong></span> <span class='ocrx_word' id='word_1_213' title='bbox 770 2484 913 2561; x_wconf 90' lang='lat' dir='ltr'><strong>Ducem,</strong></span> <span class='ocrx_word' id='word_1_214' title='bbox 944 2493 998 2545; x_wconf 91' lang='lat' dir='ltr'><strong>aut</strong></span> <span class='ocrx_word' id='word_1_215' title='bbox 1025 2495 1100 2548; x_wconf 84' lang='lat' dir='ltr'><strong>ante</strong></span> <span class='ocrx_word' id='word_1_216' title='bbox 1119 2489 1263 2573; x_wconf 74' lang='lat' dir='ltr'><strong>‚plebem</strong></span> 
     </span>
     <span class='ocr_line' id='line_1_27' title="bbox 152 2580 1242 2632; baseline -0.002 0"><span class='ocrx_word' id='word_1_217' title='bbox 152 2591 251 2632; x_wconf 78' lang='lat' dir='ltr'><strong>suem.</strong></span> <span class='ocrx_word' id='word_1_218' title='bbox 1233 2580 1242 2596; x_wconf 78' lang='lat'><strong>¹</strong></span> 
     </span>
    </p>

    <p class='ocr_par' dir='ltr' id='par_1_6' title="bbox 146 2649 1311 3146">
     <span class='ocr_line' id='line_1_28' title="bbox 235 2649 1262 2736; baseline 0 -23"><span class='ocrx_word' id='word_1_219' title='bbox 235 2653 292 2714; x_wconf 92' lang='lat' dir='ltr'><strong>lll.</strong></span> <span class='ocrx_word' id='word_1_220' title='bbox 333 2650 424 2713; x_wconf 90' lang='lat' dir='ltr'><strong>Etsi</strong></span> <span class='ocrx_word' id='word_1_221' title='bbox 458 2651 623 2712; x_wconf 77' lang='lat' dir='ltr'><strong>convictus</strong></span> <span class='ocrx_word' id='word_1_222' title='bbox 651 2650 690 2712; x_wconf 88' lang='lat' dir='ltr'><strong>de</strong></span> <span class='ocrx_word' id='word_1_223' title='bbox 711 2649 856 2728; x_wconf 86' lang='lat' dir='ltr'><strong>erimine,</strong></span> <span class='ocrx_word' id='word_1_224' title='bbox 886 2671 1000 2732; x_wconf 78' lang='lat' dir='ltr'><strong>negare</strong></span> <span class='ocrx_word' id='word_1_225' title='bbox 1023 2654 1053 2727; x_wconf 76' lang='lat' dir='ltr'><strong>b)</strong></span> <span class='ocrx_word' id='word_1_226' title='bbox 1077 2652 1262 2736; x_wconf 67' lang='lat' dir='ltr'><strong>nonpossit,</strong></span> 
     </span>
     <span class='ocr_line' id='line_1_29' title="bbox 146 2733 1311 2818; baseline -0.001 -21"><span class='ocrx_word' id='word_1_227' title='bbox 146 2746 230 2804; x_wconf 66' lang='lat' dir='ltr'><strong>¹tunc</strong></span> <span class='ocrx_word' id='word_1_228' title='bbox 261 2736 439 2796; x_wconf 87' lang='lat' dir='ltr'><strong>secundum</strong></span> <span class='ocrx_word' id='word_1_229' title='bbox 469 2755 610 2796; x_wconf 89' lang='lat' dir='ltr'><strong>canones</strong></span> <span class='ocrx_word' id='word_1_230' title='bbox 638 2733 667 2792; x_wconf 92' lang='lat' dir='ltr'><strong>ei</strong></span> <span class='ocrx_word' id='word_1_231' title='bbox 698 2733 868 2794; x_wconf 86' lang='lat' dir='ltr'><strong>iudicetur.</strong></span> <span class='ocrx_word' id='word_1_232' title='bbox 926 2735 959 2793; x_wconf 89' lang='lat' dir='ltr'><strong>Si</strong></span> <span class='ocrx_word' id='word_1_233' title='bbox 989 2734 1061 2796; x_wconf 88' lang='lat' dir='ltr'><strong>talis</strong></span> <span class='ocrx_word' id='word_1_234' title='bbox 1090 2745 1138 2796; x_wconf 90' lang='lat' dir='ltr'><strong>est</strong></span> <span class='ocrx_word' id='word_1_235' title='bbox 1167 2738 1264 2818; x_wconf 83' lang='lat' dir='ltr'><strong>culpa</strong></span> <span class='ocrx_word' id='word_1_236' title='bbox 1308 2813 1311 2816; x_wconf 19' lang='grc' dir='ltr'>Ι</span> 
     </span>
     <span class='ocr_line' id='line_1_30' title="bbox 151 2813 1261 2900; baseline 0.001 -22"><span class='ocrx_word' id='word_1_237' title='bbox 151 2829 189 2879; x_wconf 92' lang='lat' dir='ltr'><strong>ut</strong></span> <span class='ocrx_word' id='word_1_238' title='bbox 210 2820 397 2900; x_wconf 85' lang='lat' dir='ltr'><strong>deponatur·</strong></span> <span class='ocrx_word' id='word_1_239' title='bbox 418 2822 464 2894; x_wconf 85' lang='lat' dir='ltr'><strong>c),</strong></span> <span class='ocrx_word' id='word_1_240' title='bbox 497 2817 678 2898; x_wconf 80' lang='lat' dir='ltr'><strong>deponatur</strong></span> <span class='ocrx_word' id='word_1_241' title='bbox 705 2823 760 2896; x_wconf 78' lang='lat' dir='ltr'><strong>aut</strong></span> <span class='ocrx_word' id='word_1_242' title='bbox 789 2813 949 2898; x_wconf 67' lang='lat' dir='ltr'><strong>exilieturss</strong></span> <span class='ocrx_word' id='word_1_243' title='bbox 977 2815 1052 2877; x_wconf 60' lang='lat' dir='ltr'><strong>*De</strong></span> <span class='ocrx_word' id='word_1_244' title='bbox 1074 2815 1261 2897; x_wconf 86' lang='lat' dir='ltr'><strong>homicidio,</strong></span> 
     </span>
     <span class='ocr_line' id='line_1_31' title="bbox 152 2893 1284 2983; baseline -0.003 -20"><span class='ocrx_word' id='word_1_245' title='bbox 152 2903 192 2963; x_wconf 91' lang='lat' dir='ltr'><strong>de</strong></span> <span class='ocrx_word' id='word_1_246' title='bbox 215 2895 447 2975; x_wconf 83' lang='lat' dir='ltr'><strong>fornicatione,</strong></span> <span class='ocrx_word' id='word_1_247' title='bbox 484 2900 522 2958; x_wconf 90' lang='lat' dir='ltr'><strong>de</strong></span> <span class='ocrx_word' id='word_1_248' title='bbox 555 2919 714 2959; x_wconf 89' lang='lat' dir='ltr'><strong>consensu</strong></span> <span class='ocrx_word' id='word_1_249' title='bbox 744 2893 870 2973; x_wconf 84' lang='lat' dir='ltr'><strong>hostili,</strong></span> <span class='ocrx_word' id='word_1_250' title='bbox 898 2893 1035 2958; x_wconf 73' lang='lat' dir='ltr'><strong>si&#39;infr&#39;a</strong></span> <span class='ocrx_word' id='word_1_251' title='bbox 1064 2901 1284 2983; x_wconf 57' lang='lat' dir='ltr'><strong>proiinciamt</strong></span> 
     </span>
     <span class='ocr_line' id='line_1_32' title="bbox 151 2981 1262 3065; baseline -0.008 -21"><span class='ocrx_word' id='word_1_252' title='bbox 151 2985 301 3044; x_wconf 89' lang='lat' dir='ltr'><strong>inimicos</strong></span> <span class='ocrx_word' id='word_1_253' title='bbox 324 2981 521 3058; x_wconf 84' lang='lat' dir='ltr'><strong>invitaverit,</strong></span> <span class='ocrx_word' id='word_1_254' title='bbox 553 2990 584 3040; x_wconf 86' lang='lat' dir='ltr'><strong>et</strong></span> <span class='ocrx_word' id='word_1_255' title='bbox 606 3002 660 3042; x_wconf 87' lang='lat' dir='ltr'><strong>eos</strong></span> <span class='ocrx_word' id='word_1_256' title='bbox 681 2982 816 3062; x_wconf 89' lang='lat' dir='ltr'><strong>perdere</strong></span> <span class='ocrx_word' id='word_1_257' title='bbox 839 2981 874 3057; x_wconf 80' lang='lat' dir='ltr'><strong>d)</strong></span> <span class='ocrx_word' id='word_1_258' title='bbox 895 2981 1051 3058; x_wconf 86' lang='lat' dir='ltr'><strong>voluerit,</strong></span> <span class='ocrx_word' id='word_1_259' title='bbox 1086 3005 1168 3065; x_wconf 83' lang='lat' dir='ltr'><strong>quos</strong></span> <span class='ocrx_word' id='word_1_260' title='bbox 1191 2983 1262 3046; x_wconf 74' lang='lat' dir='ltr'><strong>sal.</strong></span> 
     </span>
     <span class='ocr_line' id='line_1_33' title="bbox 151 3062 917 3146; baseline -0.009 -16"><span class='ocrx_word' id='word_1_261' title='bbox 151 3088 225 3130; x_wconf 85' lang='lat' dir='ltr'><strong>vare</strong></span> <span class='ocrx_word' id='word_1_262' title='bbox 249 3067 422 3141; x_wconf 86' lang='lat' dir='ltr'><strong>debuerat,</strong></span> <span class='ocrx_word' id='word_1_263' title='bbox 443 3084 501 3146; x_wconf 87' lang='lat' dir='ltr'><strong>pro</strong></span> <span class='ocrx_word' id='word_1_264' title='bbox 523 3062 589 3123; x_wconf 89' lang='lat' dir='ltr'><strong>istis</strong></span> <span class='ocrx_word' id='word_1_265' title='bbox 612 3063 716 3146; x_wconf 88' lang='lat' dir='ltr'><strong>culpis</strong></span> <span class='ocrx_word' id='word_1_266' title='bbox 737 3064 917 3125; x_wconf 82' lang='lat' dir='ltr'><strong>damnetur.</strong></span> 
     </span>
    </p>
   </div>
   <div class='ocr_carea' id='block_1_5' title="bbox 274 3151 1301 3262">
    <p class='ocr_par' dir='ltr' id='par_1_7' title="bbox 274 3151 1301 3280">
     <span class='ocr_line' id='line_1_34' title="bbox 274 3151 1301 3262; baseline -0.001 -3"><span class='ocrx_word' id='word_1_267' title='bbox 274 3200 353 3261; x_wconf 79' lang='lat' dir='ltr'><strong>Car.</strong></span> <span class='ocrx_word' id='word_1_268' title='bbox 381 3198 450 3259; x_wconf 84' lang='lat' dir='ltr'><strong>xlt.</strong></span> <span class='ocrx_word' id='word_1_269' title='bbox 470 3198 520 3259; x_wconf 90' lang='lat' dir='ltr'><strong>De</strong></span> <span class='ocrx_word' id='word_1_270' title='bbox 541 3198 834 3260; x_wconf 74' lang='lat' dir='ltr'><strong>sanctimonialibus</strong></span> <span class='ocrx_word' id='word_1_271' title='bbox 856 3200 903 3258; x_wconf 83' lang='lat' dir='ltr'><strong>vel</strong></span> <span class='ocrx_word' id='word_1_272' title='bbox 922 3198 991 3258; x_wconf 84' lang='lat' dir='ltr'><strong>Deo</strong></span> <span class='ocrx_word' id='word_1_273' title='bbox 1015 3151 1156 3262; x_wconf 64' lang='lat' dir='ltr'><strong>dicatis.2</strong></span> <span class='ocrx_word' id='word_1_274' title='bbox 1221 3190 1235 3200; x_wconf 60' lang='grc'><strong>“’</strong></span> <span class='ocrx_word' id='word_1_275' title='bbox 1297 3238 1301 3245; x_wconf 86' lang='lat'>-</span> 
     </span>
    </p>
   </div>
   <div class='ocr_carea' id='block_1_6' title="bbox 138 3289 1265 3886">
    <p class='ocr_par' dir='ltr' id='par_1_8' title="bbox 138 3289 1265 3886">
     <span class='ocr_line' id='line_1_35' title="bbox 202 3289 1260 3388; baseline 0.006 -24"><span class='ocrx_word' id='word_1_276' title='bbox 202 3291 205 3296; x_wconf 39' lang='lat'>¹</span> <span class='ocrx_word' id='word_1_277' title='bbox 236 3306 270 3365; x_wconf 89' lang='lat' dir='ltr'><strong>Si</strong></span> <span class='ocrx_word' id='word_1_278' title='bbox 305 3305 377 3388; x_wconf 85' lang='lat' dir='ltr'><strong>quis</strong></span> <span class='ocrx_word' id='word_1_279' title='bbox 410 3303 702 3384; x_wconf 78' lang='lat' dir='ltr'><strong>sanctimonialem,</strong></span> <span class='ocrx_word' id='word_1_280' title='bbox 735 3305 798 3366; x_wconf 92' lang='lat' dir='ltr'><strong>hoc</strong></span> <span class='ocrx_word' id='word_1_281' title='bbox 829 3307 995 3384; x_wconf 80' lang='lat' dir='ltr'><strong>est,&#39;Deo</strong></span> <span class='ocrx_word' id='word_1_282' title='bbox 1033 3289 1187 3386; x_wconf 74' lang='lat' dir='ltr'><strong>dicatam,</strong></span> <span class='ocrx_word' id='word_1_283' title='bbox 1220 3308 1260 3370; x_wconf 89' lang='lat' dir='ltr'><strong>de</strong></span> 
     </span>
     <span class='ocr_line' id='line_1_36' title="bbox 151 3388 1262 3466; baseline -0.002 -14"><span class='ocrx_word' id='word_1_284' title='bbox 151 3389 348 3452; x_wconf 86' lang='lat' dir='ltr'><strong>monasterio</strong></span> <span class='ocrx_word' id='word_1_285' title='bbox 370 3388 519 3466; x_wconf 85' lang='lat' dir='ltr'><strong>traxerit,</strong></span> <span class='ocrx_word' id='word_1_286' title='bbox 543 3399 575 3451; x_wconf 92' lang='lat' dir='ltr'><strong>et</strong></span> <span class='ocrx_word' id='word_1_287' title='bbox 597 3410 666 3449; x_wconf 85' lang='lat' dir='ltr'><strong>eam</strong></span> <span class='ocrx_word' id='word_1_288' title='bbox 689 3388 748 3449; x_wconf 86' lang='lat' dir='ltr'><strong>sibi</strong></span> <span class='ocrx_word' id='word_1_289' title='bbox 771 3388 803 3448; x_wconf 89' lang='lat' dir='ltr'><strong>in</strong></span> <span class='ocrx_word' id='word_1_290' title='bbox 827 3388 977 3466; x_wconf 72' lang='lat' dir='ltr'><strong>coniugio</strong></span> <span class='ocrx_word' id='word_1_291' title='bbox 999 3390 1125 3452; x_wconf 84' lang='lat' dir='ltr'><strong>duxerit</strong></span> <span class='ocrx_word' id='word_1_292' title='bbox 1149 3401 1262 3453; x_wconf 89' lang='lat' dir='ltr'><strong>contra</strong></span> 
     </span>
     <span class='ocr_line' id='line_1_37' title="bbox 138 3463 1263 3556; baseline -0.001 -23"><span class='ocrx_word' id='word_1_293' title='bbox 138 3475 258 3554; x_wconf 48' lang='lat' dir='ltr'><strong>¹legem</strong></span> <span class='ocrx_word' id='word_1_294' title='bbox 290 3470 556 3547; x_wconf 89' lang='lat' dir='ltr'><strong>ecclesiasticam,</strong></span> <span class='ocrx_word' id='word_1_295' title='bbox 589 3471 732 3554; x_wconf 88' lang='lat' dir='ltr'><strong>requirat</strong></span> <span class='ocrx_word' id='word_1_296' title='bbox 763 3492 833 3531; x_wconf 87' lang='lat' dir='ltr'><strong>eam</strong></span> <span class='ocrx_word' id='word_1_297' title='bbox 867 3475 896 3548; x_wconf 84' lang='lat' dir='ltr'><strong>e)</strong></span> <span class='ocrx_word' id='word_1_298' title='bbox 920 3463 1099 3556; x_wconf 80' lang='lat' dir='ltr'><strong>Episcopus</strong></span> <span class='ocrx_word' id='word_1_299' title='bbox 1128 3473 1263 3534; x_wconf 84' lang='lat' dir='ltr'><strong>civitatis</strong></span> 
     </span>
     <span class='ocr_line' id='line_1_38' title="bbox 153 3553 1264 3635; baseline 0.003 -20"><span class='ocrx_word' id='word_1_300' title='bbox 153 3555 243 3616; x_wconf 87' lang='lat' dir='ltr'><strong>illins</strong></span> <span class='ocrx_word' id='word_1_301' title='bbox 265 3577 338 3615; x_wconf 89' lang='lat' dir='ltr'><strong>cum</strong></span> <span class='ocrx_word' id='word_1_302' title='bbox 360 3554 497 3615; x_wconf 88' lang='lat' dir='ltr'><strong>consilio</strong></span> <span class='ocrx_word' id='word_1_303' title='bbox 519 3553 618 3614; x_wconf 89' lang='lat' dir='ltr'><strong>Ducis</strong></span> <span class='ocrx_word' id='word_1_304' title='bbox 632 3554 684 3635; x_wconf 84' lang='lat' dir='ltr'><strong>f);</strong></span> <span class='ocrx_word' id='word_1_305' title='bbox 707 3554 785 3614; x_wconf 87' lang='lat' dir='ltr'><strong>velit</strong></span> <span class='ocrx_word' id='word_1_306' title='bbox 808 3553 906 3630; x_wconf 90' lang='lat' dir='ltr'><strong>nolit,</strong></span> <span class='ocrx_word' id='word_1_307' title='bbox 928 3564 1034 3615; x_wconf 87' lang='lat' dir='ltr'><strong>tamen</strong></span> <span class='ocrx_word' id='word_1_308' title='bbox 1057 3557 1177 3619; x_wconf 78' lang='lat' dir='ltr'><strong>reddat</strong></span> <span class='ocrx_word' id='word_1_309' title='bbox 1193 3569 1264 3618; x_wconf 77' lang='lat' dir='ltr'><strong>et&#39;m</strong></span> 
     </span>
     <span class='ocr_line' id='line_1_39' title="bbox 152 3635 1265 3718; baseline 0.005 -22"><span class='ocrx_word' id='word_1_310' title='bbox 152 3638 194 3698; x_wconf 87' lang='lat' dir='ltr'><strong>ad</strong></span> <span class='ocrx_word' id='word_1_311' title='bbox 215 3637 299 3697; x_wconf 88' lang='lat' dir='ltr'><strong>illud</strong></span> <span class='ocrx_word' id='word_1_312' title='bbox 320 3636 560 3712; x_wconf 89' lang='lat' dir='ltr'><strong>monasterium,</strong></span> <span class='ocrx_word' id='word_1_313' title='bbox 582 3637 667 3696; x_wconf 87' lang='lat' dir='ltr'><strong>unde</strong></span> <span class='ocrx_word' id='word_1_314' title='bbox 690 3656 759 3696; x_wconf 86' lang='lat' dir='ltr'><strong>eam</strong></span> <span class='ocrx_word' id='word_1_315' title='bbox 785 3635 870 3712; x_wconf 87' lang='lat' dir='ltr'><strong>tulit,</strong></span> <span class='ocrx_word' id='word_1_316' title='bbox 880 3641 912 3696; x_wconf 83' lang='lat' dir='ltr'><strong>et</strong></span> <span class='ocrx_word' id='word_1_317' title='bbox 933 3647 1103 3718; x_wconf 87' lang='lat' dir='ltr'><strong>componat</strong></span> <span class='ocrx_word' id='word_1_318' title='bbox 1123 3640 1162 3698; x_wconf 86' lang='lat' dir='ltr'><strong>ad</strong></span> <span class='ocrx_word' id='word_1_319' title='bbox 1179 3638 1265 3702; x_wconf 87' lang='lat' dir='ltr'><strong>illud</strong></span> 
     </span>
     <span class='ocr_line' id='line_1_40' title="bbox 152 3717 1264 3802; baseline 0.004 -24"><span class='ocrx_word' id='word_1_320' title='bbox 152 3721 381 3782; x_wconf 88' lang='lat' dir='ltr'><strong>monasterium</strong></span> <span class='ocrx_word' id='word_1_321' title='bbox 405 3718 578 3802; x_wconf 88' lang='lat' dir='ltr'><strong>dupliciter</strong></span> <span class='ocrx_word' id='word_1_322' title='bbox 612 3717 694 3779; x_wconf 89' lang='lat' dir='ltr'><strong>sicut</strong></span> <span class='ocrx_word' id='word_1_323' title='bbox 731 3717 813 3779; x_wconf 92' lang='lat' dir='ltr'><strong>solet</strong></span> <span class='ocrx_word' id='word_1_324' title='bbox 847 3739 1059 3800; x_wconf 88' lang='lat' dir='ltr'><strong>componere,</strong></span> <span class='ocrx_word' id='word_1_325' title='bbox 1093 3721 1148 3800; x_wconf 89' lang='lat' dir='ltr'><strong>qni</strong></span> <span class='ocrx_word' id='word_1_326' title='bbox 1182 3723 1264 3783; x_wconf 86' lang='lat' dir='ltr'><strong>alie-</strong></span> 
     </span>
     <span class='ocr_line' id='line_1_41' title="bbox 153 3799 1262 3886; baseline 0.001 -24"><span class='ocrx_word' id='word_1_327' title='bbox 153 3823 227 3862; x_wconf 89' lang='lat' dir='ltr'><strong>nam</strong></span> <span class='ocrx_word' id='word_1_328' title='bbox 248 3803 330 3886; x_wconf 77' lang='lat' dir='ltr'><strong>rapit</strong></span> <span class='ocrx_word' id='word_1_329' title='bbox 351 3823 499 3884; x_wconf 88' lang='lat' dir='ltr'><strong>sponsam</strong></span> <span class='ocrx_word' id='word_1_330' title='bbox 517 3805 558 3881; x_wconf 83' lang='lat' dir='ltr'><strong>g).</strong></span> <span class='ocrx_word' id='word_1_331' title='bbox 581 3799 706 3862; x_wconf 90' lang='lat' dir='ltr'><strong>Scimus</strong></span> <span class='ocrx_word' id='word_1_332' title='bbox 727 3801 818 3861; x_wconf 85' lang='lat' dir='ltr'><strong>illum</strong></span> <span class='ocrx_word' id='word_1_333' title='bbox 839 3800 973 3862; x_wconf 87' lang='lat' dir='ltr'><strong>crimine</strong></span> <span class='ocrx_word' id='word_1_334' title='bbox 986 3823 1052 3863; x_wconf 88' lang='lat' dir='ltr'><strong>esse</strong></span> <span class='ocrx_word' id='word_1_335' title='bbox 1074 3803 1262 3882; x_wconf 77' lang='lat' dir='ltr'><strong>obnoxium,</strong></span> 
     </span>
    </p>
   </div>
   <div class='ocr_carea' id='block_1_7' title="bbox 143 3971 1265 4328">
    <p class='ocr_par' dir='ltr' id='par_1_9' title="bbox 143 3971 1265 4328">
     <span class='ocr_line' id='line_1_42' title="bbox 221 3971 1263 4048; baseline -0.005 -19"><span class='ocrx_word' id='word_1_336' title='bbox 221 3977 252 4048; x_wconf 77' lang='lat' dir='ltr'><strong>x)</strong></span> <span class='ocrx_word' id='word_1_337' title='bbox 270 3979 310 4029; x_wconf 82' lang='lat' dir='ltr'><strong>Al.</strong></span> <span class='ocrx_word' id='word_1_338' title='bbox 330 3995 390 4028; x_wconf 82' lang='lat' dir='ltr'><strong>mss.</strong></span> <span class='ocrx_word' id='word_1_339' title='bbox 402 3973 486 4036; x_wconf 80' lang='lat' dir='ltr'><strong>duce.</strong></span> <span class='ocrx_word' id='word_1_340' title='bbox 554 3973 647 4046; x_wconf 71' lang='lat' dir='ltr'><strong>y)l1.</strong></span> <span class='ocrx_word' id='word_1_341' title='bbox 667 3993 728 4028; x_wconf 88' lang='lat' dir='ltr'><strong>mss.</strong></span> <span class='ocrx_word' id='word_1_342' title='bbox 747 3983 775 4028; x_wconf 86' lang='lat' dir='ltr'><strong>et</strong></span> <span class='ocrx_word' id='word_1_343' title='bbox 792 3975 904 4030; x_wconf 87' lang='lat' dir='ltr'><strong>Herold.</strong></span> <span class='ocrx_word' id='word_1_344' title='bbox 940 3972 1021 4032; x_wconf 81' lang='lat' dir='ltr'><strong>solid.</strong></span> <span class='ocrx_word' id='word_1_345' title='bbox 1041 3975 1098 4034; x_wconf 79' lang='lat' dir='ltr'><strong>XL.</strong></span> <span class='ocrx_word' id='word_1_346' title='bbox 1122 3971 1263 4044; x_wconf 44' lang='lat' dir='ltr'><strong>„tidi-</strong></span> 
     </span>
     <span class='ocr_line' id='line_1_43' title="bbox 151 4045 1264 4116; baseline -0.005 -16"><span class='ocrx_word' id='word_1_347' title='bbox 151 4065 212 4100; x_wconf 84' lang='lat' dir='ltr'><strong>mss.</strong></span> <span class='ocrx_word' id='word_1_348' title='bbox 233 4057 261 4100; x_wconf 90' lang='lat' dir='ltr'><strong>et</strong></span> <span class='ocrx_word' id='word_1_349' title='bbox 278 4046 388 4116; x_wconf 86' lang='lat' dir='ltr'><strong>llerold.</strong></span> <span class='ocrx_word' id='word_1_350' title='bbox 404 4046 565 4115; x_wconf 62' lang='lat' dir='ltr'><strong>perruperit</strong></span> <span class='ocrx_word' id='word_1_351' title='bbox 581 4064 662 4108; x_wconf 83' lang='lat' dir='ltr'><strong>auro,</strong></span> <span class='ocrx_word' id='word_1_352' title='bbox 682 4059 789 4113; x_wconf 75' lang='lat' dir='ltr'><strong>tautum</strong></span> <span class='ocrx_word' id='word_1_353' title='bbox 808 4060 859 4098; x_wconf 85' lang='lat' dir='ltr'><strong>etc.</strong></span> <span class='ocrx_word' id='word_1_354' title='bbox 929 4047 959 4115; x_wconf 80' lang='lat' dir='ltr'><strong>a)</strong></span> <span class='ocrx_word' id='word_1_355' title='bbox 978 4045 1088 4096; x_wconf 84' lang='lat' dir='ltr'><strong>Herold.</strong></span> <span class='ocrx_word' id='word_1_356' title='bbox 1115 4056 1142 4095; x_wconf 81' lang='lat' dir='ltr'><strong>er</strong></span> <span class='ocrx_word' id='word_1_357' title='bbox 1165 4047 1191 4094; x_wconf 83' lang='lat' dir='ltr'><strong>si</strong></span> <span class='ocrx_word' id='word_1_358' title='bbox 1213 4062 1264 4095; x_wconf 83' lang='lat' dir='ltr'><strong>au-</strong></span> 
     </span>
     <span class='ocr_line' id='line_1_44' title="bbox 151 4111 1265 4188; baseline -0.004 -19"><span class='ocrx_word' id='word_1_359' title='bbox 151 4131 212 4170; x_wconf 82' lang='lat' dir='ltr'><strong>tem.</strong></span> <span class='ocrx_word' id='word_1_360' title='bbox 284 4117 311 4188; x_wconf 79' lang='lat' dir='ltr'><strong>l)</strong></span> <span class='ocrx_word' id='word_1_361' title='bbox 329 4113 371 4172; x_wconf 76' lang='lat' dir='ltr'><strong>lt</strong></span> <span class='ocrx_word' id='word_1_362' title='bbox 397 4113 457 4167; x_wconf 77' lang='lat' dir='ltr'><strong>mss.</strong></span> <span class='ocrx_word' id='word_1_363' title='bbox 477 4116 725 4170; x_wconf 53' lang='lat' dir='ltr'><strong>eternoacum</strong></span> <span class='ocrx_word' id='word_1_364' title='bbox 743 4125 852 4185; x_wconf 74' lang='lat' dir='ltr'><strong>negare.</strong></span> <span class='ocrx_word' id='word_1_365' title='bbox 879 4125 887 4156; x_wconf 82' lang='lat'><strong>‘-</strong></span> <span class='ocrx_word' id='word_1_366' title='bbox 918 4111 1265 4184; x_wconf 46' lang='lat' dir='ltr'><strong>cimmerius-dignus</strong></span> 
     </span>
     <span class='ocr_line' id='line_1_45' title="bbox 151 4181 1264 4258; baseline -0.002 -20"><span class='ocrx_word' id='word_1_367' title='bbox 151 4188 190 4238; x_wconf 79' lang='lat' dir='ltr'><strong>sit</strong></span> <span class='ocrx_word' id='word_1_368' title='bbox 216 4185 325 4258; x_wconf 81' lang='lat' dir='ltr'><strong>deponi.</strong></span> <span class='ocrx_word' id='word_1_369' title='bbox 396 4184 425 4252; x_wconf 91' lang='lat' dir='ltr'><strong>d)</strong></span> <span class='ocrx_word' id='word_1_370' title='bbox 451 4183 576 4238; x_wconf 59' lang='lat' dir='ltr'><strong>Heroldss</strong></span> <span class='ocrx_word' id='word_1_371' title='bbox 594 4185 720 4256; x_wconf 77' lang='lat' dir='ltr'><strong>prodere.</strong></span> <span class='ocrx_word' id='word_1_372' title='bbox 791 4186 818 4255; x_wconf 80' lang='lat' dir='ltr'><strong>c)</strong></span> <span class='ocrx_word' id='word_1_373' title='bbox 842 4185 887 4250; x_wconf 77' lang='lat' dir='ltr'><strong>&#39;Al-</strong></span> <span class='ocrx_word' id='word_1_374' title='bbox 916 4201 990 4236; x_wconf 77' lang='lat' dir='ltr'><strong>mss·</strong></span> <span class='ocrx_word' id='word_1_375' title='bbox 1007 4191 1035 4236; x_wconf 90' lang='lat' dir='ltr'><strong>et</strong></span> <span class='ocrx_word' id='word_1_376' title='bbox 1058 4181 1264 4240; x_wconf 63' lang='lat' dir='ltr'><strong>Euffldsesm.</strong></span> 
     </span>
     <span class='ocr_line' id='line_1_46' title="bbox 143 4254 1238 4328; baseline -0.004 -18"><span class='ocrx_word' id='word_1_377' title='bbox 143 4255 185 4328; x_wconf 87' lang='lat' dir='ltr'><strong>s)</strong></span> <span class='ocrx_word' id='word_1_378' title='bbox 211 4254 587 4326; x_wconf 73' lang='lat' dir='ltr'><strong>Al.1nss.regisvelducis.</strong></span> <span class='ocrx_word' id='word_1_379' title='bbox 658 4255 688 4326; x_wconf 76' lang='lat' dir='ltr'><strong>g)</strong></span> <span class='ocrx_word' id='word_1_380' title='bbox 706 4257 746 4310; x_wconf 78' lang='lat' dir='ltr'><strong>tl.</strong></span> <span class='ocrx_word' id='word_1_381' title='bbox 765 4274 825 4311; x_wconf 77' lang='lat' dir='ltr'><strong>met.</strong></span> <span class='ocrx_word' id='word_1_382' title='bbox 844 4271 965 4309; x_wconf 78' lang='lat' dir='ltr'><strong>uxorem.</strong></span> <span class='ocrx_word' id='word_1_383' title='bbox 1078 4255 1238 4316; x_wconf 51' lang='lat' dir='ltr'><strong>*stt-*meist</strong></span> 
     </span>
    </p>
   </div>
   <div class='ocr_carea' id='block_1_8' title="bbox 0 0 1459 5008">
    <p class='ocr_par' dir='ltr' id='par_1_10' title="bbox 0 0 1459 5008">
     <span class='ocr_line' id='line_1_47' title="bbox 0 0 1459 5008; baseline 0 0"><span class='ocrx_word' id='word_1_384' title='bbox 0 0 1459 5008; x_wconf 95' lang='lat' dir='ltr'><strong> </strong></span> 
     </span>
    </p>
   </div>
  </div>
 </body>
</html>
