2876 4992
319 287 322 293 ·
424 291 699 350 usotsstucsu
716 291 790 348 ur.
809 290 918 352 cxxx.
1188 279 1236 352 93

160 443 208 502 11.
252 458 309 502 sax
324 455 501 513 arenosus,
521 432 615 499 solid.
635 430 712 500 XV.
736 428 1234 518 parvulumhahenteminutsro

118 521 171 583 cul
198 517 293 584 abilis
312 520 484 582 iudicetur.
739 514 906 581 occiderit.

157 543 218 663 1le.
262 624 374 665 sanson
387 599 589 678 cauuut‚sol.
601 594 711 662 XVII.
779 594 890 658 XXX.
932 593 1015 692 Inde
1056 597 1097 661 ad
1135 599 1232 664 solid.

116 681 293 766 culpabilis
313 685 485 747 iudicetur.
738 677 893 742 DCCCC.
913 689 951 742 ut
973 701 1000 740 st
1021 681 1094 762 quis
1115 681 1237 744 Roma-

157 769 217 831 IV.
260 789 342 829 rauu
367 786 456 827 utar
480 780 622 834 cauma,
651 757 711 822 sol.
739 781 819 822 num
849 761 904 826 vel
939 761 1042 822 lidum
1073 762 1109 824 in
1143 774 1236 828 curte

115 846 230 911 XXX.
252 849 423 931 culpabilis
442 845 613 926 iudicetur.
664 887 666 902 .
739 842 874 906 Domini
894 844 933 916 b)
951 844 1115 907 occiderit.

156 933 216 996 V.·
243 953 324 994 raus
354 949 465 992 sarran
491 947 632 1004 caurus,
652 925 711 991 sol.
778 923 906 990 XXXI.
947 925 1027 987 Inde
1058 929 1099 989 ud
1137 931 1232 999 solid.

114 1010 260 1078 XXXV.
279 1012 449 1096 culpabilis
467 1008 649 1071 iudicetur..
739 1006 881 1073 IDCCC.
894 1016 932 1069 nt
946 1007 973 1069 si
991 1009 1063 1091 quis
1078 1009 1113 1070 iu
1133 1021 1234 1076 truste

157 1095 219 1162 VI.
263 1107 346 1158 rusti
365 1115 473 1156 wunsr
488 1112 633 1170 canunt,
653 1090 712 1157 sol.
739 1090 901 1153 dominica
916 1089 1082 1153 homiuem
1100 1095 1234 1158 occide·

114 1180 216 1244 XLV.
235 1177 406 1262 culpabilis
427 1174 599 1238 iudicetur.
738 1173 802 1252 rit,
845 1182 879 1234 et
924 1173 959 1232 in
994 1185 1130 1257 puteum
1164 1176 1234 1238 iuc-

156 1259 232 1326 VII.
276 1281 339 1323 rao
355 1279 395 1320 το
407 1277 600 1318 conntwnru
614 1275 709 1318 caun-
737 1254 863 1320 taverit.
922 1255 1009 1317 Haec
1045 1259 1234 1340 compositio

116 1363 178 1421 uu,
200 1342 260 1405 sol.
280 1341 382 1403 LXII.
398 1347 432 1402 et
447 1337 581 1400 dimidio
598 1338 711 1422 culpa-
737 1335 884 1403 luceo.
898 1336 957 1400 sol.
973 1337 1007 1399 in
1029 1338 1069 1404 11.
1083 1339 1163 1403 loeis
1178 1340 1232 1403 ha·

117 1425 194 1488 bilis
212 1425 387 1488 iudicetur.
736 1419 844 1483 betur.

157 1507 251 1572 VIII.
294 1522 579 1582 rtrrauuuwnns,
601 1497 660 1565 sol.
673 1500 710 1567 C.

119 1589 292 1672 culpabilis
309 1588 482 1650 iudicetur.
899 1639 907 1655 ,

158 1671 221 1738 IX.
262 1691 345 1732 acro
362 1687 550 1746 nrusuuna,
571 1663 711 1733 solco.
741 1636 953 1753 smmis-¹³⁰
999 1637 1047 1710 de
1093 1651 1235 1756 ⁸⁰Pt⁰¹31

122 1755 173 1816 cul
196 1753 289 1815 abilis
312 1751 483 1816 iudicetur.
591 1763 593 1768 ’
739 1748 923 1831 septenis,
946 1737 1018 1808 hoc
1034 1749 1118 1809 sunt
1136 1761 1236 1834 perr·

159 1777 202 1899 X.
245 1857 339 1897 reato
355 1853 416 1894 ruo
438 1854 534 1894 sunna
556 1850 614 1894 ran
633 1851 712 1894 rano
839 1835 1081 1908 oulmcaugag,
1098 1835 1136 1933 ο)

123 1938 259 1996 caurus,
282 1917 341 1979 sol.
356 1913 424 1978 Dc.
440 1914 611 1999 culpabilis
630 1911 713 1976 iudi·

122 2011 221 2066 cetur.
780 2010 808 2074 Ι.
850 2012 884 2073 Si
903 2014 976 2095 quis
997 2015 1162 2078 basilicam
1186 2017 1237 2078 in·

158 2081 234 2144 XL·
263 2103 315 2144 rtr
336 2101 434 2141 ranno
457 2101 551 2141 suune
567 2098 647 2140 raus
663 2101 715 2141 ar·
742 2095 906 2173 condem,
928 2097 1060 2170 301900,
1074 2099 1234 2180 culpjud,

123 2186 199 2224 Taso
220 2184 341 2224 cunnus
351 2207 361 2240 7
382 2162 440 2223 SOI·
458 2159 583 2228 DCCC.
598 2159 712 2246 cnlpa-
783 2177 825 2243 [Ι.
858 2178 893 2238 Si
926 2179 1237 2242 uisFrancusan-

123 2245 195 2308 bilis
218 2245 390 2309 ludicelur·
741 2281 815 2320 cum
839 2200 1012 2339 occiderit,
1045 2263 1139 2328 solid.
1166 2261 1234 2329 CC.

742 2342 827 2485 culp.
843 2341 909 2406 iud.

801 2425 841 2484 ΙΙ.
884 2424 918 2484 si
960 2424 1007 2487 uis
1025 2425 1134 2488 villam
1151 2428 1235 2490 alic-

192 2479 228 2550 E
253 2479 285 2550 Ρ
311 2480 330 2550 Ῑ
355 2479 389 2550 L
413 2486 448 2556 0
474 2479 511 2550 G
537 2479 573 2552 U
599 2483 638 2558 S.
741 2527 815 2565 nam
842 2445 1024 2585 adsaliiriu
1054 2518 1087 2569 et
1114 2511 1235 2573 ibidem

742 2588 821 2648 ostia
836 2588 987 2669 fregerit,
1011 2596 1043 2649 et
1064 2612 1158 2654 canes
1180 2613 1233 2654 oc·

742 2669 878 2747 uiderit,
902 2678 934 2729 et
959 2668 1107 2733 homines
1129 2673 1235 2756 plaga·

165 2748 339 2813 Sciendum
360 2761 466 2812 autem
481 2760 543 2829 est,
570 2751 659 2833 qnod
677 2749 712 2812 in
742 2750 847 2828 verit,
877 2751 930 2814 rel
964 2751 1088 2832 aliquid
1114 2755 1233 2817 exinde

126 2833 314 2915 quibusdam
329 2833 467 2914 Legibus
484 2834 606 2894 salicae
621 2835 714 2894 inve·
742 2832 776 2891 in
797 2853 886 2894 carro
911 2833 1058 2913 duxerit,
1086 2836 1145 2898 sol.
1166 2838 1231 2902 CC.

128 2915 406 2996 niunturcapitula
415 2915 604 2996 principalia
616 2917 713 2980 LXV.
742 2914 828 3002 culp.
847 2913 1019 2981 indicetur.

128 2996 712 3062 inaliisLXX.innonnullisLXXX.
782 2995 838 3064 IV.
880 2997 915 3058 Si
941 2998 1013 3079 quis
1037 2998 1135 3060 alicui
1154 3000 1233 3062 her-

130 3077 415 3160 etiampanloplus
436 3081 613 3140 autminus.
630 3080 715 3140 Sunt
740 3078 796 3140 bas
829 3079 957 3141 dederit
987 3080 1114 3158 bibere,
1145 3083 1234 3146 unde

129 3160 184 3241 qui
204 3161 341 3222 habeant
365 3162 610 3243 compositiones
632 3163 711 3222 CCC
740 3161 904 3238 moriatur,
916 3162 974 3226 sol.
990 3164 1051 3228 CC.
1065 3165 1150 3245 culp.
1162 3164 1228 3229 iud.

129 3241 242 3305 LVIII.
267 3265 303 3304 ac
339 3243 433 3303 etiam
456 3243 530 3328 plus
555 3243 712 3305 minusve.
781 3241 822 3305 V.
863 3243 896 3304 Si
915 3243 986 3327 quis
1005 3266 1139 3308 uxorem
1151 3245 1232 3309 alie-

333 2650 509 2665 -m

130 3386 457 3405 ——-————-

199 3463 229 3529 b)
245 3465 338 3519 Baluz.
358 3468 390 3518 in
407 3479 491 3520 truste
512 3464 659 3520 dominico.

199 3533 224 3603 c)
241 3535 295 3587 lsta
312 3535 341 3587 in
360 3537 463 3589 Codice
491 3534 664 3590 Gandavensi
688 3546 716 3590 et
739 3538 768 3590 in
794 3538 916 3591 Remensi
940 3547 1011 3593 teste
1037 3538 1149 3593 Baluzio
1172 3546 1234 3610 post

133 3601 284 3670 Capitulum
302 3607 365 3656 anni
383 3607 578 3660 DXXLXXIX.
597 3607 684 3676 posita
704 3616 794 3671 eraut,
822 3610 883 3660 etri
907 3609 980 3661 Tilio
1001 3609 1075 3660 edita
1092 3619 1156 3662 sunt
1171 3619 1234 3680 post

133 3673 317 3726 Decretionem
335 3676 468 3728 Chlotarii
488 3684 551 3728 anto
569 3677 669 3728 librum
688 3677 764 3743 Legis
792 3679 906 3730 Saliene.
943 3678 1157 3748 Lindenbrogius
1184 3699 1234 3732 au-

133 3751 234 3796 temea
250 3745 369 3812 reposuit
385 3745 414 3796 in
434 3747 510 3798 calce
528 3746 649 3797 eiusdem
669 3748 744 3811 Legis
768 3757 828 3816 post
852 3747 1106 3817 recapitulationem
1132 3749 1234 3801 solido-

134 3827 199 3862 rum.
232 3813 263 3864 Iu
280 3815 382 3866 Codice
399 3834 477 3884 porro
494 3818 618 3866 Remensi
635 3815 673 3868 sic
690 3817 775 3868 habet
791 3818 902 3870 titulus:
920 3818 1061 3886 Incipiunt
1079 3819 1233 3871 Sententiae

135 3878 168 3931 de
186 3894 275 3950 septem
299 3887 419 3954 septinas
443 3886 495 3938 ltoc
518 3899 583 3937 sunt
600 3887 742 3953 paricolas
769 3905 874 3939 causas.
912 3887 1000 3957 Quem
1028 3884 1116 3938 Tilius
1143 3904 1232 3956 eoque

136 3949 417 4020 duceLindcnbrogius
435 3955 473 4008 sle
483 3955 708 4008 emendaverunt:
727 3957 883 4009 Sententiae
900 3955 932 4008 de
948 3969 1045 4025 septem
1055 3958 1171 4024 septenis
1181 3957 1232 4010 hoc

137 4029 176 4070 est
190 4024 397 4086 particularibus
414 4027 512 4078 causis.
550 4025 604 4077 Sed
621 4027 703 4078 male.
737 4025 871 4096 Numqui
898 4025 1044 4078 sententias
1068 4025 1130 4077 illus
1148 4027 1233 4078 colle-

135 4087 244 4164 git-per
259 4107 351 4146 causas
366 4093 501 4166 paniculas
518 4093 658 4168 iptellexit
675 4109 729 4156 eas,
748 4101 819 4165 quae'
838 4097 988 4148 secundum
1008 4097 1103 4160 Legem
1112 4094 1232 4150 salicam

137 4160 303 4282 pgpdpnplpta
321 4165 376 4221 tire
393 4181 482 4236 poena
500 4161 664 4220 iudicandae
688 4175 779 4229 erant,
799 4163 852 4219 hoe
871 4172 911 4219 est
932 4165 1035 4220 mulcta
1053 4164 1231 4220 ducentorum
